%% This BibTeX bibliography file was created using BibDesk.
%% http://bibdesk.sourceforge.net/


%% Created for Francisco at 2013-11-13 14:47:03 +0000 


%% Saved with string encoding Unicode (UTF-8) 



@incollection{scholkopf1997kernel,
	Author = {Sch{\"o}lkopf, Bernhard and Smola, Alexander and M{\"u}ller, Klaus-Robert},
	Booktitle = {Artificial Neural NetworksÂ—ICANN'97},
	Date-Added = {2013-11-13 12:00:32 +0000},
	Date-Modified = {2013-11-13 14:39:20 +0000},
	Keywords = {PCA, SVM},
	Pages = {583--588},
	Publisher = {Springer},
	Title = {Kernel principal component analysis},
	Year = {1997},
	Bdsk-File-1 = {YnBsaXN0MDDUAQIDBAUGJCVYJHZlcnNpb25YJG9iamVjdHNZJGFyY2hpdmVyVCR0b3ASAAGGoKgHCBMUFRYaIVUkbnVsbNMJCgsMDxJXTlMua2V5c1pOUy5vYmplY3RzViRjbGFzc6INDoACgAOiEBGABIAFgAdccmVsYXRpdmVQYXRoWWFsaWFzRGF0YV8QOS4uL3JlZnMvcGF5d2FsbGVkL0tlcm5lbCBQcmluY2lwYWwgQ29tcG9uZW50IEFuYWx5c2lzLnBkZtIXCxgZV05TLmRhdGFPEQI4AAAAAAI4AAIAAAhDYWxsaW9wZQAAAAAAAAAAAAAAAAAAAAAAAADNyQc6SCsAAAH2M4UfS2VybmVsIFByaW5jaXBhbCBDbyMyMURGQjhDLnBkZgAAAAAAAAAAAAAAAAAAAAAAAAAAAAAAAAAAAAAAAAAAAh37jM6ZlDsAAAAAAAAAAAABAAMAAAkgAAAAAAAAAAAAAAAAAAAACXBheXdhbGxlZAAAEAAIAADNyPkqAAAAEQAIAADOmZQ7AAAAAQAkAfYzhQAOXDYADlunAA5V0AAJaPAACWfWAAXAvQAFwLwAAhIpAAIAbUNhbGxpb3BlOlVzZXJzOgBmYzoARG9jdW1lbnRzOgBwcm9nOgBzcmM6AEdlbkFsZ1BvbHk6AHRleHRzOgByZWZzOgBwYXl3YWxsZWQ6AEtlcm5lbCBQcmluY2lwYWwgQ28jMjFERkI4Qy5wZGYAAA4AUAAnAEsAZQByAG4AZQBsACAAUAByAGkAbgBjAGkAcABhAGwAIABDAG8AbQBwAG8AbgBlAG4AdAAgAEEAbgBhAGwAeQBzAGkAcwAuAHAAZABmAA8AEgAIAEMAYQBsAGwAaQBvAHAAZQASAGNVc2Vycy9mYy9Eb2N1bWVudHMvcHJvZy9zcmMvR2VuQWxnUG9seS90ZXh0cy9yZWZzL3BheXdhbGxlZC9LZXJuZWwgUHJpbmNpcGFsIENvbXBvbmVudCBBbmFseXNpcy5wZGYAABMAAS8AABUAAgAJ//8AAIAG0hscHR5aJGNsYXNzbmFtZVgkY2xhc3Nlc11OU011dGFibGVEYXRhox0fIFZOU0RhdGFYTlNPYmplY3TSGxwiI1xOU0RpY3Rpb25hcnmiIiBfEA9OU0tleWVkQXJjaGl2ZXLRJidUcm9vdIABAAgAEQAaACMALQAyADcAQABGAE0AVQBgAGcAagBsAG4AcQBzAHUAdwCEAI4AygDPANcDEwMVAxoDJQMuAzwDQANHA1ADVQNiA2UDdwN6A38AAAAAAAACAQAAAAAAAAAoAAAAAAAAAAAAAAAAAAADgQ==}}

@article{liang2012eigen,
	Author = {Liang, Zhiyu and Lee, Yoonkyung},
	Date-Added = {2013-11-13 11:58:51 +0000},
	Date-Modified = {2013-11-13 14:35:18 +0000},
	Keywords = {PCA, Polynomial Kernel, SVM, },
	Title = {Eigen-Analysis of Nonlinear PCA with Polynomial Kernels},
	Year = {2012},
	Bdsk-File-1 = {YnBsaXN0MDDUAQIDBAUGJCVYJHZlcnNpb25YJG9iamVjdHNZJGFyY2hpdmVyVCR0b3ASAAGGoKgHCBMUFRYaIVUkbnVsbNMJCgsMDxJXTlMua2V5c1pOUy5vYmplY3RzViRjbGFzc6INDoACgAOiEBGABIAFgAdccmVsYXRpdmVQYXRoWWFsaWFzRGF0YV8QYi4uL3JlZnMvcGF5d2FsbGVkL0VpZ2VuLUFuYWx5c2lzIG9mIE5vbmxpbmVhciBQQ0Egd2l0aCBQb2x5bm9taWFsIEtlcm5lbHMtQV9SRUNFTlRfUEFQRVItdHI4NzIucGRm0hcLGBlXTlMuZGF0YU8RArIAAAAAArIAAgAACENhbGxpb3BlAAAAAAAAAAAAAAAAAAAAAAAAAM3JBzpIKwAAAfYzhR9FaWdlbi1BbmFseXNpcyBvZiBOIzIxREZGQTMucGRmAAAAAAAAAAAAAAAAAAAAAAAAAAAAAAAAAAAAAAAAAAACHf+jzpmUzAAAAAAAAAAAAAEAAwAACSAAAAAAAAAAAAAAAAAAAAAJcGF5d2FsbGVkAAAQAAgAAM3I+SoAAAARAAgAAM6ZlMwAAAABACQB9jOFAA5cNgAOW6cADlXQAAlo8AAJZ9YABcC9AAXAvAACEikAAgBtQ2FsbGlvcGU6VXNlcnM6AGZjOgBEb2N1bWVudHM6AHByb2c6AHNyYzoAR2VuQWxnUG9seToAdGV4dHM6AHJlZnM6AHBheXdhbGxlZDoARWlnZW4tQW5hbHlzaXMgb2YgTiMyMURGRkEzLnBkZgAADgCiAFAARQBpAGcAZQBuAC0AQQBuAGEAbAB5AHMAaQBzACAAbwBmACAATgBvAG4AbABpAG4AZQBhAHIAIABQAEMAQQAgAHcAaQB0AGgAIABQAG8AbAB5AG4AbwBtAGkAYQBsACAASwBlAHIAbgBlAGwAcwAtAEEAXwBSAEUAQwBFAE4AVABfAFAAQQBQAEUAUgAtAHQAcgA4ADcAMgAuAHAAZABmAA8AEgAIAEMAYQBsAGwAaQBvAHAAZQASAIxVc2Vycy9mYy9Eb2N1bWVudHMvcHJvZy9zcmMvR2VuQWxnUG9seS90ZXh0cy9yZWZzL3BheXdhbGxlZC9FaWdlbi1BbmFseXNpcyBvZiBOb25saW5lYXIgUENBIHdpdGggUG9seW5vbWlhbCBLZXJuZWxzLUFfUkVDRU5UX1BBUEVSLXRyODcyLnBkZgATAAEvAAAVAAIACf//AACABtIbHB0eWiRjbGFzc25hbWVYJGNsYXNzZXNdTlNNdXRhYmxlRGF0YaMdHyBWTlNEYXRhWE5TT2JqZWN00hscIiNcTlNEaWN0aW9uYXJ5oiIgXxAPTlNLZXllZEFyY2hpdmVy0SYnVHJvb3SAAQAIABEAGgAjAC0AMgA3AEAARgBNAFUAYABnAGoAbABuAHEAcwB1AHcAhACOAPMA+AEAA7YDuAO9A8gD0QPfA+MD6gPzA/gEBQQIBBoEHQQiAAAAAAAAAgEAAAAAAAAAKAAAAAAAAAAAAAAAAAAABCQ=}}

@article{nikolaev2001accelerated,
	Author = {Nikolaev, Nikolay I and Iba, Hitoshi},
	Date-Added = {2013-11-13 11:58:08 +0000},
	Date-Modified = {2013-11-13 14:45:21 +0000},
	Journal = {Genetic Programming and Evolvable Machines},
	Keywords = {GA},
	Number = {3},
	Pages = {231--257},
	Publisher = {Springer},
	Title = {Accelerated genetic programming of polynomials},
	Volume = {2},
	Year = {2001},
	Bdsk-File-1 = {YnBsaXN0MDDUAQIDBAUGJCVYJHZlcnNpb25YJG9iamVjdHNZJGFyY2hpdmVyVCR0b3ASAAGGoKgHCBMUFRYaIVUkbnVsbNMJCgsMDxJXTlMua2V5c1pOUy5vYmplY3RzViRjbGFzc6INDoACgAOiEBGABIAFgAdccmVsYXRpdmVQYXRoWWFsaWFzRGF0YV8QRC4uL3JlZnMvcGF5d2FsbGVkL0FjY2VsZXJhdGVkIEdlbmV0aWMgUHJvZ3JhbW1pbmcgb2YgUG9seW5vbWlhbHMucGRm0hcLGBlXTlMuZGF0YU8RAlgAAAAAAlgAAgAACENhbGxpb3BlAAAAAAAAAAAAAAAAAAAAAAAAAM3JBzpIKwAAAfYzhR9BY2NlbGVyYXRlZCBHZW5ldGljIFAjRTVDMzcucGRmAAAAAAAAAAAAAAAAAAAAAAAAAAAAAAAAAAAAAAAAAAAADlw3zfWz5gAAAAAAAAAAAAEAAwAACSAAAAAAAAAAAAAAAAAAAAAJcGF5d2FsbGVkAAAQAAgAAM3I+SoAAAARAAgAAM31pdYAAAABACQB9jOFAA5cNgAOW6cADlXQAAlo8AAJZ9YABcC9AAXAvAACEikAAgBtQ2FsbGlvcGU6VXNlcnM6AGZjOgBEb2N1bWVudHM6AHByb2c6AHNyYzoAR2VuQWxnUG9seToAdGV4dHM6AHJlZnM6AHBheXdhbGxlZDoAQWNjZWxlcmF0ZWQgR2VuZXRpYyBQI0U1QzM3LnBkZgAADgBmADIAQQBjAGMAZQBsAGUAcgBhAHQAZQBkACAARwBlAG4AZQB0AGkAYwAgAFAAcgBvAGcAcgBhAG0AbQBpAG4AZwAgAG8AZgAgAFAAbwBsAHkAbgBvAG0AaQBhAGwAcwAuAHAAZABmAA8AEgAIAEMAYQBsAGwAaQBvAHAAZQASAG5Vc2Vycy9mYy9Eb2N1bWVudHMvcHJvZy9zcmMvR2VuQWxnUG9seS90ZXh0cy9yZWZzL3BheXdhbGxlZC9BY2NlbGVyYXRlZCBHZW5ldGljIFByb2dyYW1taW5nIG9mIFBvbHlub21pYWxzLnBkZgATAAEvAAAVAAIACf//AACABtIbHB0eWiRjbGFzc25hbWVYJGNsYXNzZXNdTlNNdXRhYmxlRGF0YaMdHyBWTlNEYXRhWE5TT2JqZWN00hscIiNcTlNEaWN0aW9uYXJ5oiIgXxAPTlNLZXllZEFyY2hpdmVy0SYnVHJvb3SAAQAIABEAGgAjAC0AMgA3AEAARgBNAFUAYABnAGoAbABuAHEAcwB1AHcAhACOANUA2gDiAz4DQANFA1ADWQNnA2sDcgN7A4ADjQOQA6IDpQOqAAAAAAAAAgEAAAAAAAAAKAAAAAAAAAAAAAAAAAAAA6w=}}

@inproceedings{Clegg:2005aa,
	Author = {Clegg, Janet and Dawson, John F and Porter, Stuart J and Barley, Mark H},
	Booktitle = {Evolutionary Computation, 2005. The 2005 IEEE Congress on},
	Date-Added = {2013-11-13 11:36:19 +0000},
	Date-Modified = {2013-11-13 14:43:54 +0000},
	Keywords = {GA},
	Organization = {IEEE},
	Pages = {928--934},
	Title = {The use of a genetic algorithm to optimize the functional form of a multi-dimensional polynomial fit to experimental data},
	Volume = {1},
	Year = {2005},
	Bdsk-File-1 = {YnBsaXN0MDDUAQIDBAUGJCVYJHZlcnNpb25YJG9iamVjdHNZJGFyY2hpdmVyVCR0b3ASAAGGoKgHCBMUFRYaIVUkbnVsbNMJCgsMDxJXTlMua2V5c1pOUy5vYmplY3RzViRjbGFzc6INDoACgAOiEBGABIAFgAdccmVsYXRpdmVQYXRoWWFsaWFzRGF0YV8Qjy4uL3JlZnMvcGF5d2FsbGVkL1RoZSB1c2Ugb2YgYSBnZW5ldGljIGFsZ29yaXRobSB0byBvcHRpbWl6ZSB0aGUgZnVuY3Rpb25hbCBmb3JtIG9mIGEgbXVsdGktZGltZW5zaW9uYWwgcG9seW5vbWlhbCBmaXQgdG8gZXhwZXJpbWVudGFsIGRhdGEucGRm0hcLGBlXTlMuZGF0YU8RAzoAAAAAAzoAAgAACENhbGxpb3BlAAAAAAAAAAAAAAAAAAAAAAAAAM3JBzpIKwAAAfYzhR9UaGUgdXNlIG9mIGEgZ2VuZXRpIzIxRjdGNDgucGRmAAAAAAAAAAAAAAAAAAAAAAAAAAAAAAAAAAAAAAAAAAACH39Izp1IpwAAAAAAAAAAAAEAAwAACSAAAAAAAAAAAAAAAAAAAAAJcGF5d2FsbGVkAAAQAAgAAM3I+SoAAAARAAgAAM6dSKcAAAABACQB9jOFAA5cNgAOW6cADlXQAAlo8AAJZ9YABcC9AAXAvAACEikAAgBtQ2FsbGlvcGU6VXNlcnM6AGZjOgBEb2N1bWVudHM6AHByb2c6AHNyYzoAR2VuQWxnUG9seToAdGV4dHM6AHJlZnM6AHBheXdhbGxlZDoAVGhlIHVzZSBvZiBhIGdlbmV0aSMyMUY3RjQ4LnBkZgAADgD8AH0AVABoAGUAIAB1AHMAZQAgAG8AZgAgAGEAIABnAGUAbgBlAHQAaQBjACAAYQBsAGcAbwByAGkAdABoAG0AIAB0AG8AIABvAHAAdABpAG0AaQB6AGUAIAB0AGgAZQAgAGYAdQBuAGMAdABpAG8AbgBhAGwAIABmAG8AcgBtACAAbwBmACAAYQAgAG0AdQBsAHQAaQAtAGQAaQBtAGUAbgBzAGkAbwBuAGEAbAAgAHAAbwBsAHkAbgBvAG0AaQBhAGwAIABmAGkAdAAgAHQAbwAgAGUAeABwAGUAcgBpAG0AZQBuAHQAYQBsACAAZABhAHQAYQAuAHAAZABmAA8AEgAIAEMAYQBsAGwAaQBvAHAAZQASALlVc2Vycy9mYy9Eb2N1bWVudHMvcHJvZy9zcmMvR2VuQWxnUG9seS90ZXh0cy9yZWZzL3BheXdhbGxlZC9UaGUgdXNlIG9mIGEgZ2VuZXRpYyBhbGdvcml0aG0gdG8gb3B0aW1pemUgdGhlIGZ1bmN0aW9uYWwgZm9ybSBvZiBhIG11bHRpLWRpbWVuc2lvbmFsIHBvbHlub21pYWwgZml0IHRvIGV4cGVyaW1lbnRhbCBkYXRhLnBkZgAAEwABLwAAFQACAAn//wAAgAbSGxwdHlokY2xhc3NuYW1lWCRjbGFzc2VzXU5TTXV0YWJsZURhdGGjHR8gVk5TRGF0YVhOU09iamVjdNIbHCIjXE5TRGljdGlvbmFyeaIiIF8QD05TS2V5ZWRBcmNoaXZlctEmJ1Ryb290gAEACAARABoAIwAtADIANwBAAEYATQBVAGAAZwBqAGwAbgBxAHMAdQB3AIQAjgEgASUBLQRrBG0EcgR9BIYElASYBJ8EqAStBLoEvQTPBNIE1wAAAAAAAAIBAAAAAAAAACgAAAAAAAAAAAAAAAAAAATZ}}

@article{Davidson:2003aa,
	Author = {Davidson, JW and Savic, Dragan A and Walters, Godfrey A},
	Date-Added = {2013-11-13 11:36:04 +0000},
	Date-Modified = {2013-11-13 14:43:17 +0000},
	Journal = {Information Sciences},
	Keywords = {GA, EPR},
	Number = {1},
	Pages = {95--117},
	Publisher = {Elsevier},
	Title = {Symbolic and numerical regression: Experiments and applications},
	Volume = {150},
	Year = {2003},
	Bdsk-File-1 = {YnBsaXN0MDDUAQIDBAUGJCVYJHZlcnNpb25YJG9iamVjdHNZJGFyY2hpdmVyVCR0b3ASAAGGoKgHCBMUFRYaIVUkbnVsbNMJCgsMDxJXTlMua2V5c1pOUy5vYmplY3RzViRjbGFzc6INDoACgAOiEBGABIAFgAdccmVsYXRpdmVQYXRoWWFsaWFzRGF0YV8QVS4uL3JlZnMvcGF5d2FsbGVkL1N5bWJvbGljIGFuZCBudW1lcmljYWwgcmVncmVzc2lvbi0gZXhwZXJpbWVudHMgYW5kIGFwcGxpY2F0aW9ucy5wZGbSFwsYGVdOUy5kYXRhTxECjAAAAAACjAACAAAIQ2FsbGlvcGUAAAAAAAAAAAAAAAAAAAAAAAAAzckHOkgrAAAB9jOFH1N5bWJvbGljIGFuZCBudW1lcmkjMjFGMEVCRi5wZGYAAAAAAAAAAAAAAAAAAAAAAAAAAAAAAAAAAAAAAAAAAAIfDr/Om+76AAAAAAAAAAAAAQADAAAJIAAAAAAAAAAAAAAAAAAAAAlwYXl3YWxsZWQAABAACAAAzcj5KgAAABEACAAAzpvu+gAAAAEAJAH2M4UADlw2AA5bpwAOVdAACWjwAAln1gAFwL0ABcC8AAISKQACAG1DYWxsaW9wZTpVc2VyczoAZmM6AERvY3VtZW50czoAcHJvZzoAc3JjOgBHZW5BbGdQb2x5OgB0ZXh0czoAcmVmczoAcGF5d2FsbGVkOgBTeW1ib2xpYyBhbmQgbnVtZXJpIzIxRjBFQkYucGRmAAAOAIgAQwBTAHkAbQBiAG8AbABpAGMAIABhAG4AZAAgAG4AdQBtAGUAcgBpAGMAYQBsACAAcgBlAGcAcgBlAHMAcwBpAG8AbgAtACAAZQB4AHAAZQByAGkAbQBlAG4AdABzACAAYQBuAGQAIABhAHAAcABsAGkAYwBhAHQAaQBvAG4AcwAuAHAAZABmAA8AEgAIAEMAYQBsAGwAaQBvAHAAZQASAH9Vc2Vycy9mYy9Eb2N1bWVudHMvcHJvZy9zcmMvR2VuQWxnUG9seS90ZXh0cy9yZWZzL3BheXdhbGxlZC9TeW1ib2xpYyBhbmQgbnVtZXJpY2FsIHJlZ3Jlc3Npb24tIGV4cGVyaW1lbnRzIGFuZCBhcHBsaWNhdGlvbnMucGRmAAATAAEvAAAVAAIACf//AACABtIbHB0eWiRjbGFzc25hbWVYJGNsYXNzZXNdTlNNdXRhYmxlRGF0YaMdHyBWTlNEYXRhWE5TT2JqZWN00hscIiNcTlNEaWN0aW9uYXJ5oiIgXxAPTlNLZXllZEFyY2hpdmVy0SYnVHJvb3SAAQAIABEAGgAjAC0AMgA3AEAARgBNAFUAYABnAGoAbABuAHEAcwB1AHcAhACOAOYA6wDzA4MDhQOKA5UDngOsA7ADtwPAA8UD0gPVA+cD6gPvAAAAAAAAAgEAAAAAAAAAKAAAAAAAAAAAAAAAAAAAA/E=}}

@article{Hoos:2012aa,
	Author = {Hoos, Holger H},
	Date-Added = {2013-11-13 11:35:45 +0000},
	Date-Modified = {2013-11-13 14:42:01 +0000},
	Journal = {Communications of the ACM},
	Keywords = {Outlier},
	Number = {2},
	Pages = {70--80},
	Publisher = {ACM},
	Title = {Programming by optimization},
	Volume = {55},
	Year = {2012},
	Bdsk-File-1 = {YnBsaXN0MDDUAQIDBAUGJCVYJHZlcnNpb25YJG9iamVjdHNZJGFyY2hpdmVyVCR0b3ASAAGGoKgHCBMUFRYaIVUkbnVsbNMJCgsMDxJXTlMua2V5c1pOUy5vYmplY3RzViRjbGFzc6INDoACgAOiEBGABIAFgAdccmVsYXRpdmVQYXRoWWFsaWFzRGF0YV8QMS4uL3JlZnMvcGF5d2FsbGVkL1Byb2dyYW1taW5nIGJ5IG9wdGltaXphdGlvbi5wZGbSFwsYGVdOUy5kYXRhTxECIAAAAAACIAACAAAIQ2FsbGlvcGUAAAAAAAAAAAAAAAAAAAAAAAAAzckHOkgrAAAB9jOFH1Byb2dyYW1taW5nIGJ5IG9wdGltaXphdGlvbi5wZGYAAAAAAAAAAAAAAAAAAAAAAAAAAAAAAAAAAAAAAAAAAAH2M0nOjWidAAAAAAAAAAAAAQADAAAJIAAAAAAAAAAAAAAAAAAAAAlwYXl3YWxsZWQAABAACAAAzcj5KgAAABEACAAAzo1ajQAAAAEAJAH2M4UADlw2AA5bpwAOVdAACWjwAAln1gAFwL0ABcC8AAISKQACAG1DYWxsaW9wZTpVc2VyczoAZmM6AERvY3VtZW50czoAcHJvZzoAc3JjOgBHZW5BbGdQb2x5OgB0ZXh0czoAcmVmczoAcGF5d2FsbGVkOgBQcm9ncmFtbWluZyBieSBvcHRpbWl6YXRpb24ucGRmAAAOAEAAHwBQAHIAbwBnAHIAYQBtAG0AaQBuAGcAIABiAHkAIABvAHAAdABpAG0AaQB6AGEAdABpAG8AbgAuAHAAZABmAA8AEgAIAEMAYQBsAGwAaQBvAHAAZQASAFtVc2Vycy9mYy9Eb2N1bWVudHMvcHJvZy9zcmMvR2VuQWxnUG9seS90ZXh0cy9yZWZzL3BheXdhbGxlZC9Qcm9ncmFtbWluZyBieSBvcHRpbWl6YXRpb24ucGRmAAATAAEvAAAVAAIACf//AACABtIbHB0eWiRjbGFzc25hbWVYJGNsYXNzZXNdTlNNdXRhYmxlRGF0YaMdHyBWTlNEYXRhWE5TT2JqZWN00hscIiNcTlNEaWN0aW9uYXJ5oiIgXxAPTlNLZXllZEFyY2hpdmVy0SYnVHJvb3SAAQAIABEAGgAjAC0AMgA3AEAARgBNAFUAYABnAGoAbABuAHEAcwB1AHcAhACOAMIAxwDPAvMC9QL6AwUDDgMcAyADJwMwAzUDQgNFA1cDWgNfAAAAAAAAAgEAAAAAAAAAKAAAAAAAAAAAAAAAAAAAA2E=}}

@article{Fiore:2012aa,
	Author = {Fiore, Alessandra and Berardi, Luigi and Marano, Giuseppe Carlo},
	Date-Added = {2013-11-13 11:35:29 +0000},
	Date-Modified = {2013-11-13 14:41:18 +0000},
	Journal = {Advances in Engineering Software},
	Keywords = {EPR, Application},
	Number = {1},
	Pages = {178--187},
	Publisher = {Elsevier},
	Title = {Predicting torsional strength of RC beams by using Evolutionary Polynomial Regression},
	Volume = {47},
	Year = {2012},
	Bdsk-File-1 = {YnBsaXN0MDDUAQIDBAUGJCVYJHZlcnNpb25YJG9iamVjdHNZJGFyY2hpdmVyVCR0b3ASAAGGoKgHCBMUFRYaIVUkbnVsbNMJCgsMDxJXTlMua2V5c1pOUy5vYmplY3RzViRjbGFzc6INDoACgAOiEBGABIAFgAdccmVsYXRpdmVQYXRoWWFsaWFzRGF0YV8Qay4uL3JlZnMvcGF5d2FsbGVkL1ByZWRpY3RpbmcgdG9yc2lvbmFsIHN0cmVuZ3RoIG9mIFJDIGJlYW1zIGJ5IHVzaW5nIEV2b2x1dGlvbmFyeSBQb2x5bm9taWFsIFJlZ3Jlc3Npb24ucGRm0hcLGBlXTlMuZGF0YU8RAs4AAAAAAs4AAgAACENhbGxpb3BlAAAAAAAAAAAAAAAAAAAAAAAAAM3JBzpIKwAAAfYzhR9QcmVkaWN0aW5nIHRvcnNpb25hIzIxRjQ5M0QucGRmAAAAAAAAAAAAAAAAAAAAAAAAAAAAAAAAAAAAAAAAAAACH0k9zo1paQAAAAAAAAAAAAEAAwAACSAAAAAAAAAAAAAAAAAAAAAJcGF5d2FsbGVkAAAQAAgAAM3I+SoAAAARAAgAAM6NW1kAAAABACQB9jOFAA5cNgAOW6cADlXQAAlo8AAJZ9YABcC9AAXAvAACEikAAgBtQ2FsbGlvcGU6VXNlcnM6AGZjOgBEb2N1bWVudHM6AHByb2c6AHNyYzoAR2VuQWxnUG9seToAdGV4dHM6AHJlZnM6AHBheXdhbGxlZDoAUHJlZGljdGluZyB0b3JzaW9uYSMyMUY0OTNELnBkZgAADgC0AFkAUAByAGUAZABpAGMAdABpAG4AZwAgAHQAbwByAHMAaQBvAG4AYQBsACAAcwB0AHIAZQBuAGcAdABoACAAbwBmACAAUgBDACAAYgBlAGEAbQBzACAAYgB5ACAAdQBzAGkAbgBnACAARQB2AG8AbAB1AHQAaQBvAG4AYQByAHkAIABQAG8AbAB5AG4AbwBtAGkAYQBsACAAUgBlAGcAcgBlAHMAcwBpAG8AbgAuAHAAZABmAA8AEgAIAEMAYQBsAGwAaQBvAHAAZQASAJVVc2Vycy9mYy9Eb2N1bWVudHMvcHJvZy9zcmMvR2VuQWxnUG9seS90ZXh0cy9yZWZzL3BheXdhbGxlZC9QcmVkaWN0aW5nIHRvcnNpb25hbCBzdHJlbmd0aCBvZiBSQyBiZWFtcyBieSB1c2luZyBFdm9sdXRpb25hcnkgUG9seW5vbWlhbCBSZWdyZXNzaW9uLnBkZgAAEwABLwAAFQACAAn//wAAgAbSGxwdHlokY2xhc3NuYW1lWCRjbGFzc2VzXU5TTXV0YWJsZURhdGGjHR8gVk5TRGF0YVhOU09iamVjdNIbHCIjXE5TRGljdGlvbmFyeaIiIF8QD05TS2V5ZWRBcmNoaXZlctEmJ1Ryb290gAEACAARABoAIwAtADIANwBAAEYATQBVAGAAZwBqAGwAbgBxAHMAdQB3AIQAjgD8AQEBCQPbA90D4gPtA/YEBAQIBA8EGAQdBCoELQQ/BEIERwAAAAAAAAIBAAAAAAAAACgAAAAAAAAAAAAAAAAAAARJ}}

@article{Afzal:2011aa,
	Author = {Afzal, Wasif and Torkar, Richard},
	Date-Added = {2013-11-13 11:35:06 +0000},
	Date-Modified = {2013-11-13 14:40:27 +0000},
	Journal = {Expert Systems with Applications},
	Keywords = {GA, Review},
	Number = {9},
	Pages = {11984--11997},
	Publisher = {Elsevier},
	Title = {On the application of genetic programming for software engineering predictive modeling: A systematic review},
	Volume = {38},
	Year = {2011},
	Bdsk-File-1 = {YnBsaXN0MDDUAQIDBAUGJCVYJHZlcnNpb25YJG9iamVjdHNZJGFyY2hpdmVyVCR0b3ASAAGGoKgHCBMUFRYaIVUkbnVsbNMJCgsMDxJXTlMua2V5c1pOUy5vYmplY3RzViRjbGFzc6INDoACgAOiEBGABIAFgAdccmVsYXRpdmVQYXRoWWFsaWFzRGF0YV8QgS4uL3JlZnMvcGF5d2FsbGVkL09uIHRoZSBhcHBsaWNhdGlvbiBvZiBnZW5ldGljIHByb2dyYW1taW5nIGZvciBzb2Z0d2FyZSBlbmdpbmVlcmluZyBwcmVkaWN0aXZlIG1vZGVsaW5nLSBBIHN5c3RlbWF0aWMgcmV2aWV3LnBkZtIXCxgZV05TLmRhdGFPEQMQAAAAAAMQAAIAAAhDYWxsaW9wZQAAAAAAAAAAAAAAAAAAAAAAAADNyQc6SCsAAAH2M4UfT24gdGhlIGFwcGxpY2F0aW9uICMyMUYxQzdGLnBkZgAAAAAAAAAAAAAAAAAAAAAAAAAAAAAAAAAAAAAAAAAAAh8cf86b7/8AAAAAAAAAAAABAAMAAAkgAAAAAAAAAAAAAAAAAAAACXBheXdhbGxlZAAAEAAIAADNyPkqAAAAEQAIAADOm+//AAAAAQAkAfYzhQAOXDYADlunAA5V0AAJaPAACWfWAAXAvQAFwLwAAhIpAAIAbUNhbGxpb3BlOlVzZXJzOgBmYzoARG9jdW1lbnRzOgBwcm9nOgBzcmM6AEdlbkFsZ1BvbHk6AHRleHRzOgByZWZzOgBwYXl3YWxsZWQ6AE9uIHRoZSBhcHBsaWNhdGlvbiAjMjFGMUM3Ri5wZGYAAA4A4ABvAE8AbgAgAHQAaABlACAAYQBwAHAAbABpAGMAYQB0AGkAbwBuACAAbwBmACAAZwBlAG4AZQB0AGkAYwAgAHAAcgBvAGcAcgBhAG0AbQBpAG4AZwAgAGYAbwByACAAcwBvAGYAdAB3AGEAcgBlACAAZQBuAGcAaQBuAGUAZQByAGkAbgBnACAAcAByAGUAZABpAGMAdABpAHYAZQAgAG0AbwBkAGUAbABpAG4AZwAtACAAQQAgAHMAeQBzAHQAZQBtAGEAdABpAGMAIAByAGUAdgBpAGUAdwAuAHAAZABmAA8AEgAIAEMAYQBsAGwAaQBvAHAAZQASAKtVc2Vycy9mYy9Eb2N1bWVudHMvcHJvZy9zcmMvR2VuQWxnUG9seS90ZXh0cy9yZWZzL3BheXdhbGxlZC9PbiB0aGUgYXBwbGljYXRpb24gb2YgZ2VuZXRpYyBwcm9ncmFtbWluZyBmb3Igc29mdHdhcmUgZW5naW5lZXJpbmcgcHJlZGljdGl2ZSBtb2RlbGluZy0gQSBzeXN0ZW1hdGljIHJldmlldy5wZGYAABMAAS8AABUAAgAJ//8AAIAG0hscHR5aJGNsYXNzbmFtZVgkY2xhc3Nlc11OU011dGFibGVEYXRhox0fIFZOU0RhdGFYTlNPYmplY3TSGxwiI1xOU0RpY3Rpb25hcnmiIiBfEA9OU0tleWVkQXJjaGl2ZXLRJidUcm9vdIABAAgAEQAaACMALQAyADcAQABGAE0AVQBgAGcAagBsAG4AcQBzAHUAdwCEAI4BEgEXAR8EMwQ1BDoERQROBFwEYARnBHAEdQSCBIUElwSaBJ8AAAAAAAACAQAAAAAAAAAoAAAAAAAAAAAAAAAAAAAEoQ==}}

@inproceedings{Mugambi:2006aa,
	Author = {Mugambi, Ernest M and Hunter, Andrew},
	Booktitle = {Evolving Fuzzy Systems, 2006 International Symposium on},
	Date-Added = {2013-11-13 11:34:42 +0000},
	Date-Modified = {2013-11-13 14:46:30 +0000},
	Keywords = {GA, Application, MOGA},
	Organization = {IEEE},
	Pages = {176--181},
	Title = {Inducing comprehensibility in evolutionary polynomial-fuzzy classification models},
	Year = {2006},
	Bdsk-File-1 = {YnBsaXN0MDDUAQIDBAUGJCVYJHZlcnNpb25YJG9iamVjdHNZJGFyY2hpdmVyVCR0b3ASAAGGoKgHCBMUFRYaIVUkbnVsbNMJCgsMDxJXTlMua2V5c1pOUy5vYmplY3RzViRjbGFzc6INDoACgAOiEBGABIAFgAdccmVsYXRpdmVQYXRoWWFsaWFzRGF0YV8QZy4uL3JlZnMvcGF5d2FsbGVkL0luZHVjaW5nIENvbXByZWhlbnNpYmlsaXR5IEluIEV2b2x1dGlvbmFyeSBQb2x5bm9taWFsLUZ1enp5IENsYXNzaWZpY2F0aW9uIE1vZGVscy5wZGbSFwsYGVdOUy5kYXRhTxECwgAAAAACwgACAAAIQ2FsbGlvcGUAAAAAAAAAAAAAAAAAAAAAAAAAzckHOkgrAAAB9jOFH0luZHVjaW5nIENvbXByZWhlbnMjMjIyNThEMS5wZGYAAAAAAAAAAAAAAAAAAAAAAAAAAAAAAAAAAAAAAAAAAAIiWNHOonJkAAAAAAAAAAAAAQADAAAJIAAAAAAAAAAAAAAAAAAAAAlwYXl3YWxsZWQAABAACAAAzcj5KgAAABEACAAAzqJyZAAAAAEAJAH2M4UADlw2AA5bpwAOVdAACWjwAAln1gAFwL0ABcC8AAISKQACAG1DYWxsaW9wZTpVc2VyczoAZmM6AERvY3VtZW50czoAcHJvZzoAc3JjOgBHZW5BbGdQb2x5OgB0ZXh0czoAcmVmczoAcGF5d2FsbGVkOgBJbmR1Y2luZyBDb21wcmVoZW5zIzIyMjU4RDEucGRmAAAOAKwAVQBJAG4AZAB1AGMAaQBuAGcAIABDAG8AbQBwAHIAZQBoAGUAbgBzAGkAYgBpAGwAaQB0AHkAIABJAG4AIABFAHYAbwBsAHUAdABpAG8AbgBhAHIAeQAgAFAAbwBsAHkAbgBvAG0AaQBhAGwALQBGAHUAegB6AHkAIABDAGwAYQBzAHMAaQBmAGkAYwBhAHQAaQBvAG4AIABNAG8AZABlAGwAcwAuAHAAZABmAA8AEgAIAEMAYQBsAGwAaQBvAHAAZQASAJFVc2Vycy9mYy9Eb2N1bWVudHMvcHJvZy9zcmMvR2VuQWxnUG9seS90ZXh0cy9yZWZzL3BheXdhbGxlZC9JbmR1Y2luZyBDb21wcmVoZW5zaWJpbGl0eSBJbiBFdm9sdXRpb25hcnkgUG9seW5vbWlhbC1GdXp6eSBDbGFzc2lmaWNhdGlvbiBNb2RlbHMucGRmAAATAAEvAAAVAAIACf//AACABtIbHB0eWiRjbGFzc25hbWVYJGNsYXNzZXNdTlNNdXRhYmxlRGF0YaMdHyBWTlNEYXRhWE5TT2JqZWN00hscIiNcTlNEaWN0aW9uYXJ5oiIgXxAPTlNLZXllZEFyY2hpdmVy0SYnVHJvb3SAAQAIABEAGgAjAC0AMgA3AEAARgBNAFUAYABnAGoAbABuAHEAcwB1AHcAhACOAPgA/QEFA8sDzQPSA90D5gP0A/gD/wQIBA0EGgQdBC8EMgQ3AAAAAAAAAgEAAAAAAAAAKAAAAAAAAAAAAAAAAAAABDk=}}

@article{Sette:2001aa,
	Author = {Sette, Stefan and Boullart, Luc},
	Date-Added = {2013-11-13 11:34:16 +0000},
	Date-Modified = {2013-11-13 14:37:54 +0000},
	Journal = {Engineering Applications of Artificial Intelligence},
	Keywords = {GA, Application},
	Number = {6},
	Pages = {727--736},
	Publisher = {Elsevier},
	Title = {Genetic programming: principles and applications},
	Volume = {14},
	Year = {2001},
	Bdsk-File-1 = {YnBsaXN0MDDUAQIDBAUGJCVYJHZlcnNpb25YJG9iamVjdHNZJGFyY2hpdmVyVCR0b3ASAAGGoKgHCBMUFRYaIVUkbnVsbNMJCgsMDxJXTlMua2V5c1pOUy5vYmplY3RzViRjbGFzc6INDoACgAOiEBGABIAFgAdccmVsYXRpdmVQYXRoWWFsaWFzRGF0YV8QRi4uL3JlZnMvcGF5d2FsbGVkL0dlbmV0aWMgcHJvZ3JhbW1pbmctIHByaW5jaXBsZXMgYW5kIGFwcGxpY2F0aW9ucy5wZGbSFwsYGVdOUy5kYXRhTxECXgAAAAACXgACAAAIQ2FsbGlvcGUAAAAAAAAAAAAAAAAAAAAAAAAAzckHOkgrAAAB9jOFH0dlbmV0aWMgcHJvZ3JhbW1pbmcjMjFGMTA3Ni5wZGYAAAAAAAAAAAAAAAAAAAAAAAAAAAAAAAAAAAAAAAAAAAIfEHbOm+8uAAAAAAAAAAAAAQADAAAJIAAAAAAAAAAAAAAAAAAAAAlwYXl3YWxsZWQAABAACAAAzcj5KgAAABEACAAAzpvvLgAAAAEAJAH2M4UADlw2AA5bpwAOVdAACWjwAAln1gAFwL0ABcC8AAISKQACAG1DYWxsaW9wZTpVc2VyczoAZmM6AERvY3VtZW50czoAcHJvZzoAc3JjOgBHZW5BbGdQb2x5OgB0ZXh0czoAcmVmczoAcGF5d2FsbGVkOgBHZW5ldGljIHByb2dyYW1taW5nIzIxRjEwNzYucGRmAAAOAGoANABHAGUAbgBlAHQAaQBjACAAcAByAG8AZwByAGEAbQBtAGkAbgBnAC0AIABwAHIAaQBuAGMAaQBwAGwAZQBzACAAYQBuAGQAIABhAHAAcABsAGkAYwBhAHQAaQBvAG4AcwAuAHAAZABmAA8AEgAIAEMAYQBsAGwAaQBvAHAAZQASAHBVc2Vycy9mYy9Eb2N1bWVudHMvcHJvZy9zcmMvR2VuQWxnUG9seS90ZXh0cy9yZWZzL3BheXdhbGxlZC9HZW5ldGljIHByb2dyYW1taW5nLSBwcmluY2lwbGVzIGFuZCBhcHBsaWNhdGlvbnMucGRmABMAAS8AABUAAgAJ//8AAIAG0hscHR5aJGNsYXNzbmFtZVgkY2xhc3Nlc11OU011dGFibGVEYXRhox0fIFZOU0RhdGFYTlNPYmplY3TSGxwiI1xOU0RpY3Rpb25hcnmiIiBfEA9OU0tleWVkQXJjaGl2ZXLRJidUcm9vdIABAAgAEQAaACMALQAyADcAQABGAE0AVQBgAGcAagBsAG4AcQBzAHUAdwCEAI4A1wDcAOQDRgNIA00DWANhA28DcwN6A4MDiAOVA5gDqgOtA7IAAAAAAAACAQAAAAAAAAAoAAAAAAAAAAAAAAAAAAADtA==}}

@article{Ghai:2013aa,
	Author = {Ghai, Dhruva and Mohanty, Saraju P and Thakral, Garima},
	Date-Added = {2013-11-13 11:33:04 +0000},
	Date-Modified = {2013-11-13 14:37:27 +0000},
	Journal = {Microelectronics Journal},
	Keywords = {GA, Application},
	Publisher = {Elsevier},
	Title = {Fast optimization of nano-CMOS voltage-controlled oscillator using polynomial regression and genetic algorithm},
	Year = {2013},
	Bdsk-File-1 = {YnBsaXN0MDDUAQIDBAUGJCVYJHZlcnNpb25YJG9iamVjdHNZJGFyY2hpdmVyVCR0b3ASAAGGoKgHCBMUFRYaIVUkbnVsbNMJCgsMDxJXTlMua2V5c1pOUy5vYmplY3RzViRjbGFzc6INDoACgAOiEBGABIAFgAdccmVsYXRpdmVQYXRoWWFsaWFzRGF0YV8QhC4uL3JlZnMvcGF5d2FsbGVkL0Zhc3Qgb3B0aW1pemF0aW9uIG9mIG5hbm8tQ01PUyB2b2x0YWdlLWNvbnRyb2xsZWQgb3NjaWxsYXRvciB1c2luZyBwb2x5bm9taWFsIHJlZ3Jlc3Npb24gYW5kIGdlbmV0aWMgYWxnb3JpdGhtLnBkZtIXCxgZV05TLmRhdGFPEQMYAAAAAAMYAAIAAAhDYWxsaW9wZQAAAAAAAAAAAAAAAAAAAAAAAADNyQc6SCsAAAH2M4UfRmFzdCBvcHRpbWl6YXRpb24gbyMxRjYzRDM3LnBkZgAAAAAAAAAAAAAAAAAAAAAAAAAAAAAAAAAAAAAAAAAAAfY9N86Nac8AAAAAAAAAAAABAAMAAAkgAAAAAAAAAAAAAAAAAAAACXBheXdhbGxlZAAAEAAIAADNyPkqAAAAEQAIAADOjVu/AAAAAQAkAfYzhQAOXDYADlunAA5V0AAJaPAACWfWAAXAvQAFwLwAAhIpAAIAbUNhbGxpb3BlOlVzZXJzOgBmYzoARG9jdW1lbnRzOgBwcm9nOgBzcmM6AEdlbkFsZ1BvbHk6AHRleHRzOgByZWZzOgBwYXl3YWxsZWQ6AEZhc3Qgb3B0aW1pemF0aW9uIG8jMUY2M0QzNy5wZGYAAA4A5gByAEYAYQBzAHQAIABvAHAAdABpAG0AaQB6AGEAdABpAG8AbgAgAG8AZgAgAG4AYQBuAG8ALQBDAE0ATwBTACAAdgBvAGwAdABhAGcAZQAtAGMAbwBuAHQAcgBvAGwAbABlAGQAIABvAHMAYwBpAGwAbABhAHQAbwByACAAdQBzAGkAbgBnACAAcABvAGwAeQBuAG8AbQBpAGEAbAAgAHIAZQBnAHIAZQBzAHMAaQBvAG4AIABhAG4AZAAgAGcAZQBuAGUAdABpAGMAIABhAGwAZwBvAHIAaQB0AGgAbQAuAHAAZABmAA8AEgAIAEMAYQBsAGwAaQBvAHAAZQASAK5Vc2Vycy9mYy9Eb2N1bWVudHMvcHJvZy9zcmMvR2VuQWxnUG9seS90ZXh0cy9yZWZzL3BheXdhbGxlZC9GYXN0IG9wdGltaXphdGlvbiBvZiBuYW5vLUNNT1Mgdm9sdGFnZS1jb250cm9sbGVkIG9zY2lsbGF0b3IgdXNpbmcgcG9seW5vbWlhbCByZWdyZXNzaW9uIGFuZCBnZW5ldGljIGFsZ29yaXRobS5wZGYAEwABLwAAFQACAAn//wAAgAbSGxwdHlokY2xhc3NuYW1lWCRjbGFzc2VzXU5TTXV0YWJsZURhdGGjHR8gVk5TRGF0YVhOU09iamVjdNIbHCIjXE5TRGljdGlvbmFyeaIiIF8QD05TS2V5ZWRBcmNoaXZlctEmJ1Ryb290gAEACAARABoAIwAtADIANwBAAEYATQBVAGAAZwBqAGwAbgBxAHMAdQB3AIQAjgEVARoBIgQ+BEAERQRQBFkEZwRrBHIEewSABI0EkASiBKUEqgAAAAAAAAIBAAAAAAAAACgAAAAAAAAAAAAAAAAAAASs}}

@article{Doglioni:2012aa,
	Author = {Doglioni, Angelo and Fiorillo, Francesco and Guadagno, Francesco M and Simeone, Vincenzo},
	Date-Added = {2013-11-13 11:32:33 +0000},
	Date-Modified = {2013-11-13 14:35:47 +0000},
	Journal = {Landslides},
	Keywords = {EPR, Application},
	Number = {1},
	Pages = {53--62},
	Publisher = {Springer},
	Title = {Evolutionary polynomial regression to alert rainfall-triggered landslide reactivation},
	Volume = {9},
	Year = {2012},
	Bdsk-File-1 = {YnBsaXN0MDDUAQIDBAUGJCVYJHZlcnNpb25YJG9iamVjdHNZJGFyY2hpdmVyVCR0b3ASAAGGoKgHCBMUFRYaIVUkbnVsbNMJCgsMDxJXTlMua2V5c1pOUy5vYmplY3RzViRjbGFzc6INDoACgAOiEBGABIAFgAdccmVsYXRpdmVQYXRoWWFsaWFzRGF0YV8Qay4uL3JlZnMvcGF5d2FsbGVkL0V2b2x1dGlvbmFyeSBwb2x5bm9taWFsIHJlZ3Jlc3Npb24gdG8gYWxlcnQgcmFpbmZhbGwtdHJpZ2dlcmVkIGxhbmRzbGlkZSByZWFjdGl2YXRpb24ucGRm0hcLGBlXTlMuZGF0YU8RAs4AAAAAAs4AAgAACENhbGxpb3BlAAAAAAAAAAAAAAAAAAAAAAAAAM3JBzpIKwAAAfYzhR9Fdm9sdXRpb25hcnkgcG9seW5vIzFGNjQwNjAucGRmAAAAAAAAAAAAAAAAAAAAAAAAAAAAAAAAAAAAAAAAAAAB9kBgzo1q7QAAAAAAAAAAAAEAAwAACSAAAAAAAAAAAAAAAAAAAAAJcGF5d2FsbGVkAAAQAAgAAM3I+SoAAAARAAgAAM6NXN0AAAABACQB9jOFAA5cNgAOW6cADlXQAAlo8AAJZ9YABcC9AAXAvAACEikAAgBtQ2FsbGlvcGU6VXNlcnM6AGZjOgBEb2N1bWVudHM6AHByb2c6AHNyYzoAR2VuQWxnUG9seToAdGV4dHM6AHJlZnM6AHBheXdhbGxlZDoARXZvbHV0aW9uYXJ5IHBvbHlubyMxRjY0MDYwLnBkZgAADgC0AFkARQB2AG8AbAB1AHQAaQBvAG4AYQByAHkAIABwAG8AbAB5AG4AbwBtAGkAYQBsACAAcgBlAGcAcgBlAHMAcwBpAG8AbgAgAHQAbwAgAGEAbABlAHIAdAAgAHIAYQBpAG4AZgBhAGwAbAAtAHQAcgBpAGcAZwBlAHIAZQBkACAAbABhAG4AZABzAGwAaQBkAGUAIAByAGUAYQBjAHQAaQB2AGEAdABpAG8AbgAuAHAAZABmAA8AEgAIAEMAYQBsAGwAaQBvAHAAZQASAJVVc2Vycy9mYy9Eb2N1bWVudHMvcHJvZy9zcmMvR2VuQWxnUG9seS90ZXh0cy9yZWZzL3BheXdhbGxlZC9Fdm9sdXRpb25hcnkgcG9seW5vbWlhbCByZWdyZXNzaW9uIHRvIGFsZXJ0IHJhaW5mYWxsLXRyaWdnZXJlZCBsYW5kc2xpZGUgcmVhY3RpdmF0aW9uLnBkZgAAEwABLwAAFQACAAn//wAAgAbSGxwdHlokY2xhc3NuYW1lWCRjbGFzc2VzXU5TTXV0YWJsZURhdGGjHR8gVk5TRGF0YVhOU09iamVjdNIbHCIjXE5TRGljdGlvbmFyeaIiIF8QD05TS2V5ZWRBcmNoaXZlctEmJ1Ryb290gAEACAARABoAIwAtADIANwBAAEYATQBVAGAAZwBqAGwAbgBxAHMAdQB3AIQAjgD8AQEBCQPbA90D4gPtA/YEBAQIBA8EGAQdBCoELQQ/BEIERwAAAAAAAAIBAAAAAAAAACgAAAAAAAAAAAAAAAAAAARJ}}

@article{Ustun:2005aa,
	Author = {{\"U}st{\"u}n, B and Melssen, WJ and Oudenhuijzen, M and Buydens, LMC},
	Date-Added = {2013-11-13 11:32:09 +0000},
	Date-Modified = {2013-11-13 14:33:58 +0000},
	Journal = {Analytica Chimica Acta},
	Keywords = {SVR, GA, Application},
	Number = {1},
	Pages = {292--305},
	Publisher = {Elsevier},
	Title = {Determination of optimal support vector regression parameters by genetic algorithms and simplex optimization},
	Volume = {544},
	Year = {2005},
	Bdsk-File-1 = {YnBsaXN0MDDUAQIDBAUGJCVYJHZlcnNpb25YJG9iamVjdHNZJGFyY2hpdmVyVCR0b3ASAAGGoKgHCBMUFRYaIVUkbnVsbNMJCgsMDxJXTlMua2V5c1pOUy5vYmplY3RzViRjbGFzc6INDoACgAOiEBGABIAFgAdccmVsYXRpdmVQYXRoWWFsaWFzRGF0YV8Qgi4uL3JlZnMvcGF5d2FsbGVkL0RldGVybWluYXRpb24gb2Ygb3B0aW1hbCBzdXBwb3J0IHZlY3RvciByZWdyZXNzaW9uIHBhcmFtZXRlcnMgYnkgZ2VuZXRpYyBhbGdvcml0aG1zIGFuZCBzaW1wbGV4IG9wdGltaXphdGlvbi5wZGbSFwsYGVdOUy5kYXRhTxEDEgAAAAADEgACAAAIQ2FsbGlvcGUAAAAAAAAAAAAAAAAAAAAAAAAAzckHOkgrAAAB9jOFH0RldGVybWluYXRpb24gb2Ygb3AjMUY2MzQ0RS5wZGYAAAAAAAAAAAAAAAAAAAAAAAAAAAAAAAAAAAAAAAAAAAH2NE7OjWjeAAAAAAAAAAAAAQADAAAJIAAAAAAAAAAAAAAAAAAAAAlwYXl3YWxsZWQAABAACAAAzcj5KgAAABEACAAAzo1azgAAAAEAJAH2M4UADlw2AA5bpwAOVdAACWjwAAln1gAFwL0ABcC8AAISKQACAG1DYWxsaW9wZTpVc2VyczoAZmM6AERvY3VtZW50czoAcHJvZzoAc3JjOgBHZW5BbGdQb2x5OgB0ZXh0czoAcmVmczoAcGF5d2FsbGVkOgBEZXRlcm1pbmF0aW9uIG9mIG9wIzFGNjM0NEUucGRmAAAOAOIAcABEAGUAdABlAHIAbQBpAG4AYQB0AGkAbwBuACAAbwBmACAAbwBwAHQAaQBtAGEAbAAgAHMAdQBwAHAAbwByAHQAIAB2AGUAYwB0AG8AcgAgAHIAZQBnAHIAZQBzAHMAaQBvAG4AIABwAGEAcgBhAG0AZQB0AGUAcgBzACAAYgB5ACAAZwBlAG4AZQB0AGkAYwAgAGEAbABnAG8AcgBpAHQAaABtAHMAIABhAG4AZAAgAHMAaQBtAHAAbABlAHgAIABvAHAAdABpAG0AaQB6AGEAdABpAG8AbgAuAHAAZABmAA8AEgAIAEMAYQBsAGwAaQBvAHAAZQASAKxVc2Vycy9mYy9Eb2N1bWVudHMvcHJvZy9zcmMvR2VuQWxnUG9seS90ZXh0cy9yZWZzL3BheXdhbGxlZC9EZXRlcm1pbmF0aW9uIG9mIG9wdGltYWwgc3VwcG9ydCB2ZWN0b3IgcmVncmVzc2lvbiBwYXJhbWV0ZXJzIGJ5IGdlbmV0aWMgYWxnb3JpdGhtcyBhbmQgc2ltcGxleCBvcHRpbWl6YXRpb24ucGRmABMAAS8AABUAAgAJ//8AAIAG0hscHR5aJGNsYXNzbmFtZVgkY2xhc3Nlc11OU011dGFibGVEYXRhox0fIFZOU0RhdGFYTlNPYmplY3TSGxwiI1xOU0RpY3Rpb25hcnmiIiBfEA9OU0tleWVkQXJjaGl2ZXLRJidUcm9vdIABAAgAEQAaACMALQAyADcAQABGAE0AVQBgAGcAagBsAG4AcQBzAHUAdwCEAI4BEwEYASAENgQ4BD0ESARRBF8EYwRqBHMEeASFBIgEmgSdBKIAAAAAAAACAQAAAAAAAAAoAAAAAAAAAAAAAAAAAAAEpA==}}

@article{Giustolisi:2009aa,
	Author = {Giustolisi, O and Savic, D},
	Date-Added = {2013-11-13 11:31:26 +0000},
	Date-Modified = {2013-11-13 14:33:20 +0000},
	Journal = {Journal of Hydroinformatics},
	Keywords = {EPR, MOGA, Application},
	Number = {3-4},
	Pages = {225--236},
	Title = {Advances in data-driven analyses and modelling using EPR-MOGA},
	Volume = {11},
	Year = {2009},
	Bdsk-File-1 = {YnBsaXN0MDDUAQIDBAUGJCVYJHZlcnNpb25YJG9iamVjdHNZJGFyY2hpdmVyVCR0b3ASAAGGoKgHCBMUFRYaIVUkbnVsbNMJCgsMDxJXTlMua2V5c1pOUy5vYmplY3RzViRjbGFzc6INDoACgAOiEBGABIAFgAdccmVsYXRpdmVQYXRoWWFsaWFzRGF0YV8QUy4uL3JlZnMvcGF5d2FsbGVkL0FkdmFuY2VzIGluIGRhdGEtZHJpdmVuIGFuYWx5c2VzIGFuZCBtb2RlbGxpbmcgdXNpbmcgRVBSLU1PR0EucGRm0hcLGBlXTlMuZGF0YU8RAoYAAAAAAoYAAgAACENhbGxpb3BlAAAAAAAAAAAAAAAAAAAAAAAAAM3JBzpIKwAAAfYzhR9BZHZhbmNlcyBpbiBkYXRhLWRyIzIxRjIyRTEucGRmAAAAAAAAAAAAAAAAAAAAAAAAAAAAAAAAAAAAAAAAAAACHyLhzpv05gAAAAAAAAAAAAEAAwAACSAAAAAAAAAAAAAAAAAAAAAJcGF5d2FsbGVkAAAQAAgAAM3I+SoAAAARAAgAAM6b9OYAAAABACQB9jOFAA5cNgAOW6cADlXQAAlo8AAJZ9YABcC9AAXAvAACEikAAgBtQ2FsbGlvcGU6VXNlcnM6AGZjOgBEb2N1bWVudHM6AHByb2c6AHNyYzoAR2VuQWxnUG9seToAdGV4dHM6AHJlZnM6AHBheXdhbGxlZDoAQWR2YW5jZXMgaW4gZGF0YS1kciMyMUYyMkUxLnBkZgAADgCEAEEAQQBkAHYAYQBuAGMAZQBzACAAaQBuACAAZABhAHQAYQAtAGQAcgBpAHYAZQBuACAAYQBuAGEAbAB5AHMAZQBzACAAYQBuAGQAIABtAG8AZABlAGwAbABpAG4AZwAgAHUAcwBpAG4AZwAgAEUAUABSAC0ATQBPAEcAQQAuAHAAZABmAA8AEgAIAEMAYQBsAGwAaQBvAHAAZQASAH1Vc2Vycy9mYy9Eb2N1bWVudHMvcHJvZy9zcmMvR2VuQWxnUG9seS90ZXh0cy9yZWZzL3BheXdhbGxlZC9BZHZhbmNlcyBpbiBkYXRhLWRyaXZlbiBhbmFseXNlcyBhbmQgbW9kZWxsaW5nIHVzaW5nIEVQUi1NT0dBLnBkZgAAEwABLwAAFQACAAn//wAAgAbSGxwdHlokY2xhc3NuYW1lWCRjbGFzc2VzXU5TTXV0YWJsZURhdGGjHR8gVk5TRGF0YVhOU09iamVjdNIbHCIjXE5TRGljdGlvbmFyeaIiIF8QD05TS2V5ZWRBcmNoaXZlctEmJ1Ryb290gAEACAARABoAIwAtADIANwBAAEYATQBVAGAAZwBqAGwAbgBxAHMAdQB3AIQAjgDkAOkA8QN7A30DggONA5YDpAOoA68DuAO9A8oDzQPfA+ID5wAAAAAAAAIBAAAAAAAAACgAAAAAAAAAAAAAAAAAAAPp}}

@inproceedings{Braga:2008aa,
	Author = {Braga, Petr{\^o}nio L and Oliveira, Adriano LI and Meira, Silvio RL},
	Booktitle = {Proceedings of the 2008 ACM symposium on Applied computing},
	Date-Added = {2013-11-13 11:30:44 +0000},
	Date-Modified = {2013-11-13 14:30:49 +0000},
	Keywords = {GA, SVM, SVC},
	Organization = {ACM},
	Pages = {1788--1792},
	Title = {A GA-based feature selection and parameters optimization for support vector regression applied to software effort estimation},
	Year = {2008},
	Bdsk-File-1 = {YnBsaXN0MDDUAQIDBAUGJCVYJHZlcnNpb25YJG9iamVjdHNZJGFyY2hpdmVyVCR0b3ASAAGGoKgHCBMUFRYaIVUkbnVsbNMJCgsMDxJXTlMua2V5c1pOUy5vYmplY3RzViRjbGFzc6INDoACgAOiEBGABIAFgAdccmVsYXRpdmVQYXRoWWFsaWFzRGF0YV8Qai4uL3JlZnMvcGF5d2FsbGVkL0EgR0EtYmFzZWQgZmVhdHVyZSBzZWxlY3Rpb24gYW5kIHBhcmFtZXRlcnMgb3B0aW1pemF0aW9uIGZvciBzdXBwb3J0IHZlY3RvciBtYWNoaW5lcy5wZGbSFwsYGVdOUy5kYXRhTxECygAAAAACygACAAAIQ2FsbGlvcGUAAAAAAAAAAAAAAAAAAAAAAAAAzckHOkgrAAAB9jOFH0EgR0EtYmFzZWQgZmVhdHVyZSAjMjIyNkM1Ni5wZGYAAAAAAAAAAAAAAAAAAAAAAAAAAAAAAAAAAAAAAAAAAAIibFbOonPcAAAAAAAAAAAAAQADAAAJIAAAAAAAAAAAAAAAAAAAAAlwYXl3YWxsZWQAABAACAAAzcj5KgAAABEACAAAzqJz3AAAAAEAJAH2M4UADlw2AA5bpwAOVdAACWjwAAln1gAFwL0ABcC8AAISKQACAG1DYWxsaW9wZTpVc2VyczoAZmM6AERvY3VtZW50czoAcHJvZzoAc3JjOgBHZW5BbGdQb2x5OgB0ZXh0czoAcmVmczoAcGF5d2FsbGVkOgBBIEdBLWJhc2VkIGZlYXR1cmUgIzIyMjZDNTYucGRmAAAOALIAWABBACAARwBBAC0AYgBhAHMAZQBkACAAZgBlAGEAdAB1AHIAZQAgAHMAZQBsAGUAYwB0AGkAbwBuACAAYQBuAGQAIABwAGEAcgBhAG0AZQB0AGUAcgBzACAAbwBwAHQAaQBtAGkAegBhAHQAaQBvAG4AIABmAG8AcgAgAHMAdQBwAHAAbwByAHQAIAB2AGUAYwB0AG8AcgAgAG0AYQBjAGgAaQBuAGUAcwAuAHAAZABmAA8AEgAIAEMAYQBsAGwAaQBvAHAAZQASAJRVc2Vycy9mYy9Eb2N1bWVudHMvcHJvZy9zcmMvR2VuQWxnUG9seS90ZXh0cy9yZWZzL3BheXdhbGxlZC9BIEdBLWJhc2VkIGZlYXR1cmUgc2VsZWN0aW9uIGFuZCBwYXJhbWV0ZXJzIG9wdGltaXphdGlvbiBmb3Igc3VwcG9ydCB2ZWN0b3IgbWFjaGluZXMucGRmABMAAS8AABUAAgAJ//8AAIAG0hscHR5aJGNsYXNzbmFtZVgkY2xhc3Nlc11OU011dGFibGVEYXRhox0fIFZOU0RhdGFYTlNPYmplY3TSGxwiI1xOU0RpY3Rpb25hcnmiIiBfEA9OU0tleWVkQXJjaGl2ZXLRJidUcm9vdIABAAgAEQAaACMALQAyADcAQABGAE0AVQBgAGcAagBsAG4AcQBzAHUAdwCEAI4A+wEAAQgD1gPYA90D6APxA/8EAwQKBBMEGAQlBCgEOgQ9BEIAAAAAAAACAQAAAAAAAAAoAAAAAAAAAAAAAAAAAAAERA==}}

@article{Ho:2012aa,
	Author = {Ho, SL and Yang, Shiyou},
	Date-Added = {2013-11-13 11:30:13 +0000},
	Date-Modified = {2013-11-13 14:29:53 +0000},
	Journal = {Magnetics, IEEE Transactions on},
	Keywords = {GA},
	Number = {2},
	Pages = {259--262},
	Publisher = {IEEE},
	Title = {A fast robust optimization methodology based on polynomial chaos and evolutionary algorithm for inverse problems},
	Volume = {48},
	Year = {2012},
	Bdsk-File-1 = {YnBsaXN0MDDUAQIDBAUGJCVYJHZlcnNpb25YJG9iamVjdHNZJGFyY2hpdmVyVCR0b3ASAAGGoKgHCBMUFRYaIVUkbnVsbNMJCgsMDxJXTlMua2V5c1pOUy5vYmplY3RzViRjbGFzc6INDoACgAOiEBGABIAFgAdccmVsYXRpdmVQYXRoWWFsaWFzRGF0YV8Qhi4uL3JlZnMvcGF5d2FsbGVkL0EgRmFzdCBSb2J1c3QgT3B0aW1pemF0aW9uIE1ldGhvZG9sb2d5IEJhc2VkIG9uIFBvbHlub21pYWwgQ2hhb3MgYW5kIEV2b2x1dGlvbmFyeSBBbGdvcml0aG0gZm9yIEludmVyc2UgUHJvYmxlbXMucGRm0hcLGBlXTlMuZGF0YU8RAx4AAAAAAx4AAgAACENhbGxpb3BlAAAAAAAAAAAAAAAAAAAAAAAAAM3JBzpIKwAAAfYzhR9BIEZhc3QgUm9idXN0IE9wdGltIzFGNjQzRUYucGRmAAAAAAAAAAAAAAAAAAAAAAAAAAAAAAAAAAAAAAAAAAAB9kPvzo1rIQAAAAAAAAAAAAEAAwAACSAAAAAAAAAAAAAAAAAAAAAJcGF5d2FsbGVkAAAQAAgAAM3I+SoAAAARAAgAAM6NXREAAAABACQB9jOFAA5cNgAOW6cADlXQAAlo8AAJZ9YABcC9AAXAvAACEikAAgBtQ2FsbGlvcGU6VXNlcnM6AGZjOgBEb2N1bWVudHM6AHByb2c6AHNyYzoAR2VuQWxnUG9seToAdGV4dHM6AHJlZnM6AHBheXdhbGxlZDoAQSBGYXN0IFJvYnVzdCBPcHRpbSMxRjY0M0VGLnBkZgAADgDqAHQAQQAgAEYAYQBzAHQAIABSAG8AYgB1AHMAdAAgAE8AcAB0AGkAbQBpAHoAYQB0AGkAbwBuACAATQBlAHQAaABvAGQAbwBsAG8AZwB5ACAAQgBhAHMAZQBkACAAbwBuACAAUABvAGwAeQBuAG8AbQBpAGEAbAAgAEMAaABhAG8AcwAgAGEAbgBkACAARQB2AG8AbAB1AHQAaQBvAG4AYQByAHkAIABBAGwAZwBvAHIAaQB0AGgAbQAgAGYAbwByACAASQBuAHYAZQByAHMAZQAgAFAAcgBvAGIAbABlAG0AcwAuAHAAZABmAA8AEgAIAEMAYQBsAGwAaQBvAHAAZQASALBVc2Vycy9mYy9Eb2N1bWVudHMvcHJvZy9zcmMvR2VuQWxnUG9seS90ZXh0cy9yZWZzL3BheXdhbGxlZC9BIEZhc3QgUm9idXN0IE9wdGltaXphdGlvbiBNZXRob2RvbG9neSBCYXNlZCBvbiBQb2x5bm9taWFsIENoYW9zIGFuZCBFdm9sdXRpb25hcnkgQWxnb3JpdGhtIGZvciBJbnZlcnNlIFByb2JsZW1zLnBkZgATAAEvAAAVAAIACf//AACABtIbHB0eWiRjbGFzc25hbWVYJGNsYXNzZXNdTlNNdXRhYmxlRGF0YaMdHyBWTlNEYXRhWE5TT2JqZWN00hscIiNcTlNEaWN0aW9uYXJ5oiIgXxAPTlNLZXllZEFyY2hpdmVy0SYnVHJvb3SAAQAIABEAGgAjAC0AMgA3AEAARgBNAFUAYABnAGoAbABuAHEAcwB1AHcAhACOARcBHAEkBEYESARNBFgEYQRvBHMEegSDBIgElQSYBKoErQSyAAAAAAAAAgEAAAAAAAAAKAAAAAAAAAAAAAAAAAAABLQ=}}

@article{Hamdan:2011aa,
	Author = {Hamdan, Mohammad},
	Bibsource = {DBLP, http://dblp.uni-trier.de},
	Date-Added = {2013-11-13 11:29:17 +0000},
	Date-Modified = {2013-11-13 14:27:12 +0000},
	Journal = {International Journal on Artificial Intelligence Tools},
	Keywords = {EPR, MOGA},
	Number = {1},
	Pages = {209-219},
	Title = {A Dynamic Polynomial Mutation for Evolutionary Multi-Objective Optimization Algorithms},
	Volume = {20},
	Year = {2011},
	Bdsk-Url-1 = {http://dx.doi.org/10.1142/S0218213011000097},
	Bdsk-File-1 = {YnBsaXN0MDDUAQIDBAUGJCVYJHZlcnNpb25YJG9iamVjdHNZJGFyY2hpdmVyVCR0b3ASAAGGoKgHCBMUFRYaIVUkbnVsbNMJCgsMDxJXTlMua2V5c1pOUy5vYmplY3RzViRjbGFzc6INDoACgAOiEBGABIAFgAdccmVsYXRpdmVQYXRoWWFsaWFzRGF0YV8QbC4uL3JlZnMvcGF5d2FsbGVkL0EgRHluYW1pYyBQb2x5bm9taWFsIE11dGF0aW9uIEZvciBFdm9sdXRpb25hcnkgTXVsdGktT2JqZWN0aXZlIE9wdGltaXphdGlvbiBBbGdvcml0aG1zLnBkZtIXCxgZV05TLmRhdGFPEQLQAAAAAALQAAIAAAhDYWxsaW9wZQAAAAAAAAAAAAAAAAAAAAAAAADNyQc6SCsAAAH2M4UfQSBEeW5hbWljIFBvbHlub21pYSMxRjY0Mjg4LnBkZgAAAAAAAAAAAAAAAAAAAAAAAAAAAAAAAAAAAAAAAAAAAfZCiM6Naw8AAAAAAAAAAAABAAMAAAkgAAAAAAAAAAAAAAAAAAAACXBheXdhbGxlZAAAEAAIAADNyPkqAAAAEQAIAADOjVz/AAAAAQAkAfYzhQAOXDYADlunAA5V0AAJaPAACWfWAAXAvQAFwLwAAhIpAAIAbUNhbGxpb3BlOlVzZXJzOgBmYzoARG9jdW1lbnRzOgBwcm9nOgBzcmM6AEdlbkFsZ1BvbHk6AHRleHRzOgByZWZzOgBwYXl3YWxsZWQ6AEEgRHluYW1pYyBQb2x5bm9taWEjMUY2NDI4OC5wZGYAAA4AtgBaAEEAIABEAHkAbgBhAG0AaQBjACAAUABvAGwAeQBuAG8AbQBpAGEAbAAgAE0AdQB0AGEAdABpAG8AbgAgAEYAbwByACAARQB2AG8AbAB1AHQAaQBvAG4AYQByAHkAIABNAHUAbAB0AGkALQBPAGIAagBlAGMAdABpAHYAZQAgAE8AcAB0AGkAbQBpAHoAYQB0AGkAbwBuACAAQQBsAGcAbwByAGkAdABoAG0AcwAuAHAAZABmAA8AEgAIAEMAYQBsAGwAaQBvAHAAZQASAJZVc2Vycy9mYy9Eb2N1bWVudHMvcHJvZy9zcmMvR2VuQWxnUG9seS90ZXh0cy9yZWZzL3BheXdhbGxlZC9BIER5bmFtaWMgUG9seW5vbWlhbCBNdXRhdGlvbiBGb3IgRXZvbHV0aW9uYXJ5IE11bHRpLU9iamVjdGl2ZSBPcHRpbWl6YXRpb24gQWxnb3JpdGhtcy5wZGYAEwABLwAAFQACAAn//wAAgAbSGxwdHlokY2xhc3NuYW1lWCRjbGFzc2VzXU5TTXV0YWJsZURhdGGjHR8gVk5TRGF0YVhOU09iamVjdNIbHCIjXE5TRGljdGlvbmFyeaIiIF8QD05TS2V5ZWRBcmNoaXZlctEmJ1Ryb290gAEACAARABoAIwAtADIANwBAAEYATQBVAGAAZwBqAGwAbgBxAHMAdQB3AIQAjgD9AQIBCgPeA+AD5QPwA/kEBwQLBBIEGwQgBC0EMARCBEUESgAAAAAAAAIBAAAAAAAAACgAAAAAAAAAAAAAAAAAAARM}}

@article{Bao:2013aa,
	Author = {Bao, Yukun and Hu, Zhongyi and Xiong, Tao},
	Bibsource = {DBLP, http://dblp.uni-trier.de},
	Date-Added = {2013-11-13 11:28:44 +0000},
	Date-Modified = {2013-11-13 14:32:44 +0000},
	Journal = {Neurocomputing},
	Keywords = {SVM, MA, PSO, SVC},
	Pages = {98-106},
	Title = {A PSO and pattern search based memetic algorithm for SVMs parameters optimization},
	Volume = {117},
	Year = {2013},
	Bdsk-Url-1 = {http://dx.doi.org/10.1016/j.neucom.2013.01.027},
	Bdsk-File-1 = {YnBsaXN0MDDUAQIDBAUGJCVYJHZlcnNpb25YJG9iamVjdHNZJGFyY2hpdmVyVCR0b3ASAAGGoKgHCBMUFRYaIVUkbnVsbNMJCgsMDxJXTlMua2V5c1pOUy5vYmplY3RzViRjbGFzc6INDoACgAOiEBGABIAFgAdccmVsYXRpdmVQYXRoWWFsaWFzRGF0YV8QZy4uL3JlZnMvcGF5d2FsbGVkL0EgUFNPIGFuZCBwYXR0ZXJuIHNlYXJjaCBiYXNlZCBtZW1ldGljIGFsZ29yaXRobSBmb3IgU1ZNcyBwYXJhbWV0ZXJzIG9wdGltaXphdGlvbi5wZGbSFwsYGVdOUy5kYXRhTxECwgAAAAACwgACAAAIQ2FsbGlvcGUAAAAAAAAAAAAAAAAAAAAAAAAAzckHOkgrAAAB9jOFH0EgUFNPIGFuZCBwYXR0ZXJuIHMjMjJCNkY3Qi5wZGYAAAAAAAAAAAAAAAAAAAAAAAAAAAAAAAAAAAAAAAAAAAIrb3vOqQsjAAAAAAAAAAAAAQADAAAJIAAAAAAAAAAAAAAAAAAAAAlwYXl3YWxsZWQAABAACAAAzcj5KgAAABEACAAAzqkLIwAAAAEAJAH2M4UADlw2AA5bpwAOVdAACWjwAAln1gAFwL0ABcC8AAISKQACAG1DYWxsaW9wZTpVc2VyczoAZmM6AERvY3VtZW50czoAcHJvZzoAc3JjOgBHZW5BbGdQb2x5OgB0ZXh0czoAcmVmczoAcGF5d2FsbGVkOgBBIFBTTyBhbmQgcGF0dGVybiBzIzIyQjZGN0IucGRmAAAOAKwAVQBBACAAUABTAE8AIABhAG4AZAAgAHAAYQB0AHQAZQByAG4AIABzAGUAYQByAGMAaAAgAGIAYQBzAGUAZAAgAG0AZQBtAGUAdABpAGMAIABhAGwAZwBvAHIAaQB0AGgAbQAgAGYAbwByACAAUwBWAE0AcwAgAHAAYQByAGEAbQBlAHQAZQByAHMAIABvAHAAdABpAG0AaQB6AGEAdABpAG8AbgAuAHAAZABmAA8AEgAIAEMAYQBsAGwAaQBvAHAAZQASAJFVc2Vycy9mYy9Eb2N1bWVudHMvcHJvZy9zcmMvR2VuQWxnUG9seS90ZXh0cy9yZWZzL3BheXdhbGxlZC9BIFBTTyBhbmQgcGF0dGVybiBzZWFyY2ggYmFzZWQgbWVtZXRpYyBhbGdvcml0aG0gZm9yIFNWTXMgcGFyYW1ldGVycyBvcHRpbWl6YXRpb24ucGRmAAATAAEvAAAVAAIACf//AACABtIbHB0eWiRjbGFzc25hbWVYJGNsYXNzZXNdTlNNdXRhYmxlRGF0YaMdHyBWTlNEYXRhWE5TT2JqZWN00hscIiNcTlNEaWN0aW9uYXJ5oiIgXxAPTlNLZXllZEFyY2hpdmVy0SYnVHJvb3SAAQAIABEAGgAjAC0AMgA3AEAARgBNAFUAYABnAGoAbABuAHEAcwB1AHcAhACOAPgA/QEFA8sDzQPSA90D5gP0A/gD/wQIBA0EGgQdBC8EMgQ3AAAAAAAAAgEAAAAAAAAAKAAAAAAAAAAAAAAAAAAABDk=}}

@unpublished{Willighagen:2012aa,
	Author = {Willighagen, Egon},
	Date-Added = {2013-07-23 13:50:49 +0000},
	Date-Modified = {2013-11-13 11:40:00 +0000},
	Title = {genalg: R Based Genetic Algorithm},
	Year = {2012}}

@article{Tarlow:2013fk,
	Author = {Tarlow, Daniel and Sutskever, Ilya and Zemel, Richard S},
	Date-Added = {2013-07-17 09:30:38 +0000},
	Date-Modified = {2013-11-13 11:40:00 +0000},
	Journal = {Journal of Machine Learning Research},
	Title = {Stochastic k-Neighborhood Selection for Supervised and Unsupervised Learning},
	Year = {2013}}

@article{Barricelli:1962aa,
	Author = {Barricelli, Nils Aall},
	Date-Added = {2013-07-17 09:15:42 +0000},
	Date-Modified = {2013-11-13 11:40:00 +0000},
	Journal = {Acta Biotheoretica},
	Number = {1-2},
	Pages = {69--98},
	Title = {Numerical testing of evolution theories. Part I: Theoretical introduction and basic tests},
	Volume = {16},
	Year = {1962}}

@book{Koza:1992aa,
	Author = {Koza, John R},
	Date-Added = {2013-07-17 09:15:21 +0000},
	Date-Modified = {2013-11-13 11:40:00 +0000},
	Publisher = {MIT press},
	Title = {Genetic Programming: vol. 1, On the programming of computers by means of natural selection},
	Volume = {1},
	Year = {1992}}

@article{Bengio:2009aa,
	Author = {Bengio, Yoshua},
	Date-Added = {2013-07-17 09:15:02 +0000},
	Date-Modified = {2013-11-13 11:40:00 +0000},
	Journal = {Foundations and trends in Machine Learning},
	Number = {1},
	Pages = {1--127},
	Publisher = {Now Publishers Inc.},
	Title = {Learning deep architectures for {AI}},
	Volume = {2},
	Year = {2009}}

@article{Bengio:2013aa,
	Author = {Bengio, Yoshua and Courville, Aaron and Vincent, Pascal},
	Date-Added = {2013-07-17 09:14:47 +0000},
	Date-Modified = {2013-11-13 11:40:00 +0000},
	Publisher = {IEEE},
	Title = {Representation learning: A review and new perspectives},
	Year = {2013}}

@book{Holland:1975aa,
	Author = {Holland, John H},
	Date-Added = {2013-07-17 09:14:28 +0000},
	Date-Modified = {2013-11-13 11:40:00 +0000},
	Publisher = {U Michigan Press},
	Title = {Adaptation in natural and artificial systems: An introductory analysis with applications to biology, control, and artificial intelligence.},
	Year = {1975}}

@article{Sanchez:2009aa,
	Author = {S{\'a}nchez, Luciano and Otero, Jos{\'e} and Couso, In{\'e}s},
	Date-Added = {2013-07-17 09:14:01 +0000},
	Date-Modified = {2013-11-13 11:40:00 +0000},
	Journal = {Soft Computing},
	Number = {5},
	Pages = {467--479},
	Publisher = {Springer},
	Title = {Obtaining linguistic fuzzy rule-based regression models from imprecise data with multiobjective genetic algorithms},
	Volume = {13},
	Year = {2009}}

@article{Garcia-Nieto:2013aa,
	Author = {Garc{\'\i}a Nieto, Paulino Jos{\'e} and Alonso Fern{\'a}ndez, JR and de Cos Juez, FJ and S{\'a}nchez Lasheras, Fernando and D{\'\i}az Mu{\~n}iz, C},
	Date-Added = {2013-07-17 09:13:44 +0000},
	Date-Modified = {2013-11-13 11:40:00 +0000},
	Journal = {Environmental research},
	Publisher = {Elsevier},
	Title = {Hybrid modelling based on support vector regression with genetic algorithms in forecasting the cyanotoxins presence in the Trasona reservoir (Northern Spain)},
	Year = {2013}}

@incollection{Chan:2012aa,
	Author = {Chan, Kit Yan and Kwong, CK and Dillon, Tharam S},
	Booktitle = {Computational Intelligence Techniques for New Product Design},
	Date-Added = {2013-07-17 09:13:29 +0000},
	Date-Modified = {2013-11-13 11:40:00 +0000},
	Pages = {111--128},
	Publisher = {Springer},
	Title = {Development of Product Design Models Using Fuzzy Regression Based Genetic Programming},
	Year = {2012}}

@article{Galvez:2012aa,
	Author = {G{\'a}lvez, Akemi and Iglesias, Andr{\'e}s and Puig-Pey, Jaime},
	Date-Added = {2013-07-17 09:13:12 +0000},
	Date-Modified = {2013-11-13 11:40:00 +0000},
	Journal = {Information Sciences},
	Number = {1},
	Pages = {56--76},
	Publisher = {Elsevier},
	Title = {Iterative two-step genetic-algorithm-based method for efficient polynomial B-spline surface reconstruction},
	Volume = {182},
	Year = {2012}}

@article{Chan:2011aa,
	Author = {Chan, Kit Yan and Dillon, Tharam S and Kwong, Che Kit},
	Date-Added = {2013-07-17 09:12:44 +0000},
	Date-Modified = {2013-11-13 11:40:00 +0000},
	Journal = {Industrial Informatics, IEEE Transactions on},
	Number = {1},
	Pages = {148--158},
	Publisher = {IEEE},
	Title = {Modeling of a liquid epoxy molding process using a particle swarm optimization-based fuzzy regression approach},
	Volume = {7},
	Year = {2011}}

@article{Csefalvayova:2010aa,
	Author = {Cs{\'e}falvayov{\'a}, L and Pelikan, M and Kralj Cigi{\'c}, I and Kolar, J and Strli{\v{c}}, M},
	Date-Added = {2013-07-17 09:12:23 +0000},
	Date-Modified = {2013-11-13 11:40:00 +0000},
	Journal = {Talanta},
	Number = {5},
	Pages = {1784--1790},
	Publisher = {Elsevier},
	Title = {Use of genetic algorithms with multivariate regression for determination of gelatine in historic papers based on {FT-IR} and {NIR} spectral data},
	Volume = {82},
	Year = {2010}}

@article{Davidson:1999aa,
	Author = {Davidson, J and Savic, D and Walters, G},
	Date-Added = {2013-07-17 09:12:01 +0000},
	Date-Modified = {2013-11-13 11:40:00 +0000},
	Journal = {Journal of Hydroinformatics},
	Pages = {115--126},
	Title = {Method for the identification of explicit polynomial formulae for the friction in turbulent pipe flow.},
	Volume = {1},
	Year = {1999}}

@inproceedings{Mendes:2005aa,
	Author = {Mendes, L and Carvalho, P d},
	Booktitle = {Intelligent Signal Processing, 2005 IEEE International Workshop on},
	Date-Added = {2013-07-17 09:11:35 +0000},
	Date-Modified = {2013-11-13 11:40:00 +0000},
	Organization = {IEEE},
	Pages = {22--27},
	Title = {Adaptive polynomial regression for colorimetric scanner calibration using genetic algorithms},
	Year = {2005}}

@article{Maertens:2006aa,
	Author = {Maertens, Koen and De Baerdemaeker, Josse and Babu{\v{s}}ka, R},
	Date-Added = {2013-07-17 09:10:52 +0000},
	Date-Modified = {2013-11-13 11:40:00 +0000},
	Journal = {Soft Computing},
	Number = {9},
	Pages = {785--795},
	Publisher = {Springer},
	Title = {Genetic polynomial regression as input selection algorithm for non-linear identification},
	Volume = {10},
	Year = {2006}}

@article{Wu:2009aa,
	Author = {Wu, Chih-Hung and Tzeng, Gwo-Hshiung and Lin, Rong-Ho},
	Date-Added = {2013-07-17 09:10:29 +0000},
	Date-Modified = {2013-11-13 14:31:27 +0000},
	Journal = {Expert Systems with Applications},
	Keywords = {SVM, SVR, GA, Application},
	Number = {3},
	Pages = {4725--4735},
	Publisher = {Elsevier},
	Title = {A Novel hybrid genetic algorithm for kernel function and parameter optimization in support vector regression},
	Volume = {36},
	Year = {2009},
	Bdsk-File-1 = {YnBsaXN0MDDUAQIDBAUGJCVYJHZlcnNpb25YJG9iamVjdHNZJGFyY2hpdmVyVCR0b3ASAAGGoKgHCBMUFRYaIVUkbnVsbNMJCgsMDxJXTlMua2V5c1pOUy5vYmplY3RzViRjbGFzc6INDoACgAOiEBGABIAFgAdccmVsYXRpdmVQYXRoWWFsaWFzRGF0YV8Qgi4uL3JlZnMvcGF5d2FsbGVkL0EgTm92ZWwgaHlicmlkIGdlbmV0aWMgYWxnb3JpdGhtIGZvciBrZXJuZWwgZnVuY3Rpb24gYW5kIHBhcmFtZXRlciBvcHRpbWl6YXRpb24gaW4gc3VwcG9ydCB2ZWN0b3IgcmVncmVzc2lvbi5wZGbSFwsYGVdOUy5kYXRhTxEDEgAAAAADEgACAAAIQ2FsbGlvcGUAAAAAAAAAAAAAAAAAAAAAAAAAzckHOkgrAAAB9jOFH0EgTm92ZWwgaHlicmlkIGdlbmUjMUY2MzgwNC5wZGYAAAAAAAAAAAAAAAAAAAAAAAAAAAAAAAAAAAAAAAAAAAH2OATOjWkLAAAAAAAAAAAAAQADAAAJIAAAAAAAAAAAAAAAAAAAAAlwYXl3YWxsZWQAABAACAAAzcj5KgAAABEACAAAzo1a+wAAAAEAJAH2M4UADlw2AA5bpwAOVdAACWjwAAln1gAFwL0ABcC8AAISKQACAG1DYWxsaW9wZTpVc2VyczoAZmM6AERvY3VtZW50czoAcHJvZzoAc3JjOgBHZW5BbGdQb2x5OgB0ZXh0czoAcmVmczoAcGF5d2FsbGVkOgBBIE5vdmVsIGh5YnJpZCBnZW5lIzFGNjM4MDQucGRmAAAOAOIAcABBACAATgBvAHYAZQBsACAAaAB5AGIAcgBpAGQAIABnAGUAbgBlAHQAaQBjACAAYQBsAGcAbwByAGkAdABoAG0AIABmAG8AcgAgAGsAZQByAG4AZQBsACAAZgB1AG4AYwB0AGkAbwBuACAAYQBuAGQAIABwAGEAcgBhAG0AZQB0AGUAcgAgAG8AcAB0AGkAbQBpAHoAYQB0AGkAbwBuACAAaQBuACAAcwB1AHAAcABvAHIAdAAgAHYAZQBjAHQAbwByACAAcgBlAGcAcgBlAHMAcwBpAG8AbgAuAHAAZABmAA8AEgAIAEMAYQBsAGwAaQBvAHAAZQASAKxVc2Vycy9mYy9Eb2N1bWVudHMvcHJvZy9zcmMvR2VuQWxnUG9seS90ZXh0cy9yZWZzL3BheXdhbGxlZC9BIE5vdmVsIGh5YnJpZCBnZW5ldGljIGFsZ29yaXRobSBmb3Iga2VybmVsIGZ1bmN0aW9uIGFuZCBwYXJhbWV0ZXIgb3B0aW1pemF0aW9uIGluIHN1cHBvcnQgdmVjdG9yIHJlZ3Jlc3Npb24ucGRmABMAAS8AABUAAgAJ//8AAIAG0hscHR5aJGNsYXNzbmFtZVgkY2xhc3Nlc11OU011dGFibGVEYXRhox0fIFZOU0RhdGFYTlNPYmplY3TSGxwiI1xOU0RpY3Rpb25hcnmiIiBfEA9OU0tleWVkQXJjaGl2ZXLRJidUcm9vdIABAAgAEQAaACMALQAyADcAQABGAE0AVQBgAGcAagBsAG4AcQBzAHUAdwCEAI4BEwEYASAENgQ4BD0ESARRBF8EYwRqBHMEeASFBIgEmgSdBKIAAAAAAAACAQAAAAAAAAAoAAAAAAAAAAAAAAAAAAAEpA==}}

@article{Cetisli:2011aa,
	Author = {Cetisli, B and Kalkan, H},
	Date-Added = {2013-07-17 09:10:04 +0000},
	Date-Modified = {2013-11-13 11:40:00 +0000},
	Journal = {Electronics and Electrical Engineering},
	Number = {6},
	Pages = {117--122},
	Title = {Polynomial curve fitting with varying real powers},
	Volume = {112},
	Year = {2011}}

@inproceedings{Yu:2008aa,
	Author = {Yu, Tian-Li and Lin, Wei-Kai},
	Booktitle = {Proceedings of the 10th annual conference on Genetic and evolutionary computation},
	Date-Added = {2013-07-17 09:09:40 +0000},
	Date-Modified = {2013-11-13 14:47:03 +0000},
	Keywords = {GA, EPR},
	Organization = {ACM},
	Pages = {1089--1096},
	Title = {Optimal sampling of genetic algorithms on polynomial regression},
	Year = {2008},
	Bdsk-File-1 = {YnBsaXN0MDDUAQIDBAUGJCVYJHZlcnNpb25YJG9iamVjdHNZJGFyY2hpdmVyVCR0b3ASAAGGoKgHCBMUFRYaIVUkbnVsbNMJCgsMDxJXTlMua2V5c1pOUy5vYmplY3RzViRjbGFzc6INDoACgAOiEBGABIAFgAdccmVsYXRpdmVQYXRoWWFsaWFzRGF0YV8QVS4uL3JlZnMvcGF5d2FsbGVkL09wdGltYWwgU2FtcGxpbmcgb2YgR2VuZXRpYyBBbGdvcml0aG1zIG9uIFBvbHlub21pYWwgUmVncmVzc2lvbi5wZGbSFwsYGVdOUy5kYXRhTxECjAAAAAACjAACAAAIQ2FsbGlvcGUAAAAAAAAAAAAAAAAAAAAAAAAAzckHOkgrAAAB9jOFH09wdGltYWwgU2FtcGxpbmcgb2YgRyNFNUM1My5wZGYAAAAAAAAAAAAAAAAAAAAAAAAAAAAAAAAAAAAAAAAAAAAOXFPN5b1IAAAAAAAAAAAAAQADAAAJIAAAAAAAAAAAAAAAAAAAAAlwYXl3YWxsZWQAABAACAAAzcj5KgAAABEACAAAzeWvOAAAAAEAJAH2M4UADlw2AA5bpwAOVdAACWjwAAln1gAFwL0ABcC8AAISKQACAG1DYWxsaW9wZTpVc2VyczoAZmM6AERvY3VtZW50czoAcHJvZzoAc3JjOgBHZW5BbGdQb2x5OgB0ZXh0czoAcmVmczoAcGF5d2FsbGVkOgBPcHRpbWFsIFNhbXBsaW5nIG9mIEcjRTVDNTMucGRmAAAOAIgAQwBPAHAAdABpAG0AYQBsACAAUwBhAG0AcABsAGkAbgBnACAAbwBmACAARwBlAG4AZQB0AGkAYwAgAEEAbABnAG8AcgBpAHQAaABtAHMAIABvAG4AIABQAG8AbAB5AG4AbwBtAGkAYQBsACAAUgBlAGcAcgBlAHMAcwBpAG8AbgAuAHAAZABmAA8AEgAIAEMAYQBsAGwAaQBvAHAAZQASAH9Vc2Vycy9mYy9Eb2N1bWVudHMvcHJvZy9zcmMvR2VuQWxnUG9seS90ZXh0cy9yZWZzL3BheXdhbGxlZC9PcHRpbWFsIFNhbXBsaW5nIG9mIEdlbmV0aWMgQWxnb3JpdGhtcyBvbiBQb2x5bm9taWFsIFJlZ3Jlc3Npb24ucGRmAAATAAEvAAAVAAIACf//AACABtIbHB0eWiRjbGFzc25hbWVYJGNsYXNzZXNdTlNNdXRhYmxlRGF0YaMdHyBWTlNEYXRhWE5TT2JqZWN00hscIiNcTlNEaWN0aW9uYXJ5oiIgXxAPTlNLZXllZEFyY2hpdmVy0SYnVHJvb3SAAQAIABEAGgAjAC0AMgA3AEAARgBNAFUAYABnAGoAbABuAHEAcwB1AHcAhACOAOYA6wDzA4MDhQOKA5UDngOsA7ADtwPAA8UD0gPVA+cD6gPvAAAAAAAAAgEAAAAAAAAAKAAAAAAAAAAAAAAAAAAAA/E=}}

@inproceedings{Hofwing:2011aa,
	Author = {Hofwing, Magnus and Str{\"o}mberg, Niclas and Tapankov, Martin},
	Booktitle = {Proceedings of the Second International Conference on Soft ComputingTechnology in Civil, Structural and Environmental Engineering Conference,(Crete, Greece), 2011009},
	Date-Added = {2013-07-17 09:09:19 +0000},
	Date-Modified = {2013-11-13 11:40:00 +0000},
	Title = {Optimal Polynomial Regression Models by using a Genetic Algorithm},
	Year = {2011}}

@inproceedings{Garg:2012aa,
	Author = {Garg, A and Tai, K},
	Booktitle = {Modelling, Identification \& Control (ICMIC), 2012 Proceedings of International Conference on},
	Date-Added = {2013-07-17 09:08:52 +0000},
	Date-Modified = {2013-11-13 11:40:00 +0000},
	Organization = {IEEE},
	Pages = {353--358},
	Title = {Comparison of regression analysis, artificial neural network and genetic programming in handling the multicollinearity problem},
	Year = {2012}}

@article{Zain:2011aa,
	Author = {Zain, Azlan Mohd and Haron, Habibollah and Sharif, Safian},
	Date-Added = {2013-07-17 09:07:55 +0000},
	Date-Modified = {2013-11-13 11:40:00 +0000},
	Journal = {Engineering with computers},
	Number = {3},
	Pages = {251--259},
	Publisher = {Springer},
	Title = {Genetic algorithm and simulated annealing to estimate optimal process parameters of the abrasive waterjet machining},
	Volume = {27},
	Year = {2011}}

@article{Rezania:2010aa,
	Author = {Rezania, Mohammad and Javadi, Akbar A and Giustolisi, Orazio},
	Date-Added = {2013-07-17 09:07:05 +0000},
	Date-Modified = {2013-11-13 11:40:00 +0000},
	Journal = {Computers and Geotechnics},
	Number = {1},
	Pages = {82--92},
	Publisher = {Elsevier},
	Title = {Evaluation of liquefaction potential based on CPT results using evolutionary polynomial regression},
	Volume = {37},
	Year = {2010}}

@inproceedings{Ghai:2013ab,
	Author = {Ghai, Dhruva and Mohanty, Saraju P and Thakral, Garima},
	Booktitle = {ISQED},
	Date-Added = {2013-07-17 09:06:29 +0000},
	Date-Modified = {2013-11-13 11:40:00 +0000},
	Pages = {406--411},
	Title = {Fast analog design optimization using regression-based modeling and genetic algorithm: A nano-CMOS VCO case study.},
	Year = {2013}}

@article{R-Core-Team:2013aa,
	Address = {Vienna, Austria},
	Author = {{R Core Team}},
	Date-Modified = {2013-11-13 11:40:00 +0000},
	Organization = {R Foundation for Statistical Computing},
	Title = {R: A Language and Environment for Statistical Computing},
	Url = {http://www.R-project.org/},
	Year = {2013},
	Bdsk-Url-1 = {http://www.R-project.org/}}

@article{Meyer:2012aa,
	Author = {Meyer, David and Dimitriadou, Evgenia and Hornik, Kurt and Weingessel, Andreas and Leisch, Friedrich},
	Date-Modified = {2013-11-13 11:40:00 +0000},
	Note = {R package version 1.6-1},
	Title = {e1071: Misc Functions of the Department of Statistics (e1071), TU Wien},
	Url = {http://CRAN.R-project.org/package=e1071},
	Year = {2012},
	Bdsk-Url-1 = {http://CRAN.R-project.org/package=e1071}}

@article{Therneau:2013aa,
	Author = {Therneau, Terry and Atkinson, Beth and Ripley, Brian},
	Date-Modified = {2013-11-13 11:40:00 +0000},
	Note = {R package version 4.1-1},
	Title = {rpart: Recursive Partitioning},
	Year = {2013}}

@article{Hothorn:2006aa,
	Author = {Hothorn, Torsten and Hornik, Kurt and Zeileis, Achim},
	Date-Modified = {2013-11-13 11:40:00 +0000},
	Journal = {Journal of Computational and Graphical Statistics},
	Number = {3},
	Pages = {651--674},
	Title = {Unbiased Recursive Partitioning: A Conditional Inference Framework},
	Volume = {15},
	Year = {2006}}

@article{Strobl:2007aa,
	Author = {Strobl, Carolin and Boulesteix, Anne-Laure and Zeileis, Achim and Hothorn, Torsten},
	Date-Modified = {2013-11-13 11:40:00 +0000},
	Journal = {BMC Bioinformatics},
	Number = {25},
	Title = {Bias in Random Forest Variable Importance Measures: Illustrations, Sources and a Solution},
	Url = {http://www.biomedcentral.com/1471-2105/8/25},
	Volume = {8},
	Year = {2007},
	Bdsk-Url-1 = {http://www.biomedcentral.com/1471-2105/8/25}}

@article{Strobl:2008aa,
	Author = {Strobl, Carolin and Boulesteix, Anne-Laure and Kneib, Thomas and Augustin, Thomas and Zeileis, Achim},
	Date-Modified = {2013-11-13 11:40:00 +0000},
	Journal = {BMC Bioinformatics},
	Number = {307},
	Title = {Conditional Variable Importance for Random Forests},
	Url = {http://www.biomedcentral.com/1471-2105/9/307},
	Volume = {9},
	Year = {2008},
	Bdsk-Url-1 = {http://www.biomedcentral.com/1471-2105/9/307}}

@article{Liaw:2002aa,
	Author = {Liaw, Andy and Wiener, Matthew},
	Date-Modified = {2013-11-13 11:40:00 +0000},
	Journal = {R News},
	Number = {3},
	Pages = {18-22},
	Title = {Classification and Regression by randomForest},
	Url = {http://CRAN.R-project.org/doc/Rnews/},
	Volume = {2},
	Year = {2002},
	Bdsk-Url-1 = {http://CRAN.R-project.org/doc/Rnews/}}
