@Article{R,
    title = {R: A Language and Environment for Statistical Computing},
    author = {{R Core Team}},
    organization = {R Foundation for Statistical Computing},
    address = {Vienna, Austria},
    year = {2013},
    url = {http://www.R-project.org/},
  }

@Article{Meyer12,
    title = {e1071: Misc Functions of the Department of Statistics (e1071), TU Wien},
    author = {David Meyer and Evgenia Dimitriadou and Kurt Hornik and Andreas Weingessel and Friedrich Leisch},
    year = {2012},
    note = {R package version 1.6-1},
    url = {http://CRAN.R-project.org/package=e1071},
  }

@Article{Therneau13,
    title = {rpart: Recursive Partitioning},
    author = {Terry Therneau and Beth Atkinson and Brian Ripley},
    year = {2013},
    note = {R package version 4.1-1},
  }

@Article{Hothorn06,
    title = {Unbiased Recursive Partitioning: A Conditional Inference Framework},
    author = {Torsten Hothorn and Kurt Hornik and Achim Zeileis},
    journal = {Journal of Computational and Graphical Statistics},
    year = {2006},
    volume = {15},
    number = {3},
    pages = {651--674},
  }

@Article{Strobl07,
    title = {Bias in Random Forest Variable Importance Measures: Illustrations, Sources and a Solution},
    author = {Carolin Strobl and Anne-Laure Boulesteix and Achim Zeileis and Torsten Hothorn},
    journal = {BMC Bioinformatics},
    year = {2007},
    volume = {8},
    number = {25},
    pages = {},
    url = {http://www.biomedcentral.com/1471-2105/8/25}
  }

@Article{Strobl08,
    title = { Conditional Variable Importance for Random Forests },
    author = {Carolin Strobl and Anne-Laure Boulesteix and Thomas Kneib and Thomas Augustin and Achim Zeileis},
    journal = {BMC Bioinformatics},
    year = {2008},
    volume = {9},
    number = {307},
    pages = {},
    url = {http://www.biomedcentral.com/1471-2105/9/307},
  }

@Article{Liaw02,
    title = {Classification and Regression by randomForest},
    author = {Andy Liaw and Matthew Wiener},
    journal = {R News},
    year = {2002},
    volume = {2},
    number = {3},
    pages = {18-22},
    url = {http://CRAN.R-project.org/doc/Rnews/},
  }

@Article{x ,
    title = {},
    author = {},
    journal = {},
    year = {},
    volume = {},
    number = {},
    pages = {},
  }
