%% This BibTeX bibliography file was created using BibDesk.
%% http://bibdesk.sourceforge.net/


%% Created for Francisco at 2013-10-23 15:55:39 +0100 


%% Saved with string encoding Unicode (UTF-8) 



@article{doglioni2012evolutionary,
	Author = {Doglioni, Angelo and Fiorillo, Francesco and Guadagno, Francesco M and Simeone, Vincenzo},
	Date-Added = {2013-10-23 14:43:00 +0000},
	Date-Modified = {2013-10-23 14:43:00 +0000},
	Journal = {Landslides},
	Number = {1},
	Pages = {53--62},
	Publisher = {Springer},
	Title = {Evolutionary polynomial regression to alert rainfall-triggered landslide reactivation},
	Volume = {9},
	Year = {2012},
	Bdsk-File-1 = {YnBsaXN0MDDUAQIDBAUGJCVYJHZlcnNpb25YJG9iamVjdHNZJGFyY2hpdmVyVCR0b3ASAAGGoKgHCBMUFRYaIVUkbnVsbNMJCgsMDxJXTlMua2V5c1pOUy5vYmplY3RzViRjbGFzc6INDoACgAOiEBGABIAFgAdccmVsYXRpdmVQYXRoWWFsaWFzRGF0YV8QNHJlZnMvcGF5d2FsbGVkL2FydCUzQTEwLjEwMDclMkZzMTAzNDYtMDExLTAyNzQtOC5wZGbSFwsYGVdOUy5kYXRhTxECMgAAAAACMgACAAAIQ2FsbGlvcGUAAAAAAAAAAAAAAAAAAAAAAAAAzckHOkgrAAAB9jOFH2FydCUzQTEwLjEwMDclMkZzMTAjMUY2NDA2MC5wZGYAAAAAAAAAAAAAAAAAAAAAAAAAAAAAAAAAAAAAAAAAAAH2QGDOjWrtAAAAAAAAAAAAAQAEAAAJIAAAAAAAAAAAAAAAAAAAAAlwYXl3YWxsZWQAABAACAAAzcj5KgAAABEACAAAzo1c3QAAAAEAJAH2M4UADlw2AA5bpwAOVdAACWjwAAln1gAFwL0ABcC8AAISKQACAG1DYWxsaW9wZTpVc2VyczoAZmM6AERvY3VtZW50czoAcHJvZzoAc3JjOgBHZW5BbGdQb2x5OgB0ZXh0czoAcmVmczoAcGF5d2FsbGVkOgBhcnQlM0ExMC4xMDA3JTJGczEwIzFGNjQwNjAucGRmAAAOAEwAJQBhAHIAdAAlADMAQQAxADAALgAxADAAMAA3ACUAMgBGAHMAMQAwADMANAA2AC0AMAAxADEALQAwADIANwA0AC0AOAAuAHAAZABmAA8AEgAIAEMAYQBsAGwAaQBvAHAAZQASAGFVc2Vycy9mYy9Eb2N1bWVudHMvcHJvZy9zcmMvR2VuQWxnUG9seS90ZXh0cy9yZWZzL3BheXdhbGxlZC9hcnQlM0ExMC4xMDA3JTJGczEwMzQ2LTAxMS0wMjc0LTgucGRmAAATAAEvAAAVAAIACf//AACABtIbHB0eWiRjbGFzc25hbWVYJGNsYXNzZXNdTlNNdXRhYmxlRGF0YaMdHyBWTlNEYXRhWE5TT2JqZWN00hscIiNcTlNEaWN0aW9uYXJ5oiIgXxAPTlNLZXllZEFyY2hpdmVy0SYnVHJvb3SAAQAIABEAGgAjAC0AMgA3AEAARgBNAFUAYABnAGoAbABuAHEAcwB1AHcAhACOAMUAygDSAwgDCgMPAxoDIwMxAzUDPANFA0oDVwNaA2wDbwN0AAAAAAAAAgEAAAAAAAAAKAAAAAAAAAAAAAAAAAAAA3Y=}}

@article{hoos2012programming,
	Author = {Hoos, Holger H},
	Date-Added = {2013-10-23 14:37:18 +0000},
	Date-Modified = {2013-10-23 14:37:18 +0000},
	Journal = {Communications of the ACM},
	Number = {2},
	Pages = {70--80},
	Publisher = {ACM},
	Title = {Programming by optimization},
	Volume = {55},
	Year = {2012},
	Bdsk-File-1 = {YnBsaXN0MDDUAQIDBAUGJCVYJHZlcnNpb25YJG9iamVjdHNZJGFyY2hpdmVyVCR0b3ASAAGGoKgHCBMUFRYaIVUkbnVsbNMJCgsMDxJXTlMua2V5c1pOUy5vYmplY3RzViRjbGFzc6INDoACgAOiEBGABIAFgAdccmVsYXRpdmVQYXRoWWFsaWFzRGF0YV8QG3JlZnMvcGF5d2FsbGVkL3A3MC1ob29zLnBkZtIXCxgZV05TLmRhdGFPEQHSAAAAAAHSAAIAAAhDYWxsaW9wZQAAAAAAAAAAAAAAAAAAAAAAAADNyQc6SCsAAAH2M4UMcDcwLWhvb3MucGRmAAAAAAAAAAAAAAAAAAAAAAAAAAAAAAAAAAAAAAAAAAAAAAAAAAAAAAAAAAAAAAAAAAAAAfYzSc6NaJ0AAAAAAAAAAAABAAQAAAkgAAAAAAAAAAAAAAAAAAAACXBheXdhbGxlZAAAEAAIAADNyPkqAAAAEQAIAADOjVqNAAAAAQAkAfYzhQAOXDYADlunAA5V0AAJaPAACWfWAAXAvQAFwLwAAhIpAAIAWkNhbGxpb3BlOlVzZXJzOgBmYzoARG9jdW1lbnRzOgBwcm9nOgBzcmM6AEdlbkFsZ1BvbHk6AHRleHRzOgByZWZzOgBwYXl3YWxsZWQ6AHA3MC1ob29zLnBkZgAOABoADABwADcAMAAtAGgAbwBvAHMALgBwAGQAZgAPABIACABDAGEAbABsAGkAbwBwAGUAEgBIVXNlcnMvZmMvRG9jdW1lbnRzL3Byb2cvc3JjL0dlbkFsZ1BvbHkvdGV4dHMvcmVmcy9wYXl3YWxsZWQvcDcwLWhvb3MucGRmABMAAS8AABUAAgAJ//8AAIAG0hscHR5aJGNsYXNzbmFtZVgkY2xhc3Nlc11OU011dGFibGVEYXRhox0fIFZOU0RhdGFYTlNPYmplY3TSGxwiI1xOU0RpY3Rpb25hcnmiIiBfEA9OU0tleWVkQXJjaGl2ZXLRJidUcm9vdIABAAgAEQAaACMALQAyADcAQABGAE0AVQBgAGcAagBsAG4AcQBzAHUAdwCEAI4ArACxALkCjwKRApYCoQKqArgCvALDAswC0QLeAuEC8wL2AvsAAAAAAAACAQAAAAAAAAAoAAAAAAAAAAAAAAAAAAAC/Q==}}

@article{hamdan2011dynamic,
	Author = {Hamdan, Mohammad},
	Date-Added = {2013-10-23 14:36:23 +0000},
	Date-Modified = {2013-10-23 14:36:23 +0000},
	Journal = {International Journal on Artificial Intelligence Tools},
	Number = {01},
	Pages = {209--219},
	Publisher = {World Scientific},
	Title = {A dynamic polynomial mutation for evolutionary multi-objective optimization algorithms},
	Volume = {20},
	Year = {2011},
	Bdsk-File-1 = {YnBsaXN0MDDUAQIDBAUGJCVYJHZlcnNpb25YJG9iamVjdHNZJGFyY2hpdmVyVCR0b3ASAAGGoKgHCBMUFRYaIVUkbnVsbNMJCgsMDxJXTlMua2V5c1pOUy5vYmplY3RzViRjbGFzc6INDoACgAOiEBGABIAFgAdccmVsYXRpdmVQYXRoWWFsaWFzRGF0YV8QG3JlZnMvcGF5d2FsbGVkLzU5MjM2MzEyLnBkZtIXCxgZV05TLmRhdGFPEQHSAAAAAAHSAAIAAAhDYWxsaW9wZQAAAAAAAAAAAAAAAAAAAAAAAADNyQc6SCsAAAH2M4UMNTkyMzYzMTIucGRmAAAAAAAAAAAAAAAAAAAAAAAAAAAAAAAAAAAAAAAAAAAAAAAAAAAAAAAAAAAAAAAAAAAAAfZCiM6Naw8AAAAAAAAAAAABAAQAAAkgAAAAAAAAAAAAAAAAAAAACXBheXdhbGxlZAAAEAAIAADNyPkqAAAAEQAIAADOjVz/AAAAAQAkAfYzhQAOXDYADlunAA5V0AAJaPAACWfWAAXAvQAFwLwAAhIpAAIAWkNhbGxpb3BlOlVzZXJzOgBmYzoARG9jdW1lbnRzOgBwcm9nOgBzcmM6AEdlbkFsZ1BvbHk6AHRleHRzOgByZWZzOgBwYXl3YWxsZWQ6ADU5MjM2MzEyLnBkZgAOABoADAA1ADkAMgAzADYAMwAxADIALgBwAGQAZgAPABIACABDAGEAbABsAGkAbwBwAGUAEgBIVXNlcnMvZmMvRG9jdW1lbnRzL3Byb2cvc3JjL0dlbkFsZ1BvbHkvdGV4dHMvcmVmcy9wYXl3YWxsZWQvNTkyMzYzMTIucGRmABMAAS8AABUAAgAJ//8AAIAG0hscHR5aJGNsYXNzbmFtZVgkY2xhc3Nlc11OU011dGFibGVEYXRhox0fIFZOU0RhdGFYTlNPYmplY3TSGxwiI1xOU0RpY3Rpb25hcnmiIiBfEA9OU0tleWVkQXJjaGl2ZXLRJidUcm9vdIABAAgAEQAaACMALQAyADcAQABGAE0AVQBgAGcAagBsAG4AcQBzAHUAdwCEAI4ArACxALkCjwKRApYCoQKqArgCvALDAswC0QLeAuEC8wL2AvsAAAAAAAACAQAAAAAAAAAoAAAAAAAAAAAAAAAAAAAC/Q==}}

@article{ho2012fast,
	Author = {Ho, SL and Yang, Shiyou},
	Date-Added = {2013-10-23 14:36:00 +0000},
	Date-Modified = {2013-10-23 14:36:00 +0000},
	Journal = {Magnetics, IEEE Transactions on},
	Number = {2},
	Pages = {259--262},
	Publisher = {IEEE},
	Title = {A fast robust optimization methodology based on polynomial chaos and evolutionary algorithm for inverse problems},
	Volume = {48},
	Year = {2012},
	Bdsk-File-1 = {YnBsaXN0MDDUAQIDBAUGJCVYJHZlcnNpb25YJG9iamVjdHNZJGFyY2hpdmVyVCR0b3ASAAGGoKgHCBMUFRYaIVUkbnVsbNMJCgsMDxJXTlMua2V5c1pOUy5vYmplY3RzViRjbGFzc6INDoACgAOiEBGABIAFgAdccmVsYXRpdmVQYXRoWWFsaWFzRGF0YV8QG3JlZnMvcGF5d2FsbGVkLzA2MTM2NjMyLnBkZtIXCxgZV05TLmRhdGFPEQHSAAAAAAHSAAIAAAhDYWxsaW9wZQAAAAAAAAAAAAAAAAAAAAAAAADNyQc6SCsAAAH2M4UMMDYxMzY2MzIucGRmAAAAAAAAAAAAAAAAAAAAAAAAAAAAAAAAAAAAAAAAAAAAAAAAAAAAAAAAAAAAAAAAAAAAAfZD786NayEAAAAAAAAAAAABAAQAAAkgAAAAAAAAAAAAAAAAAAAACXBheXdhbGxlZAAAEAAIAADNyPkqAAAAEQAIAADOjV0RAAAAAQAkAfYzhQAOXDYADlunAA5V0AAJaPAACWfWAAXAvQAFwLwAAhIpAAIAWkNhbGxpb3BlOlVzZXJzOgBmYzoARG9jdW1lbnRzOgBwcm9nOgBzcmM6AEdlbkFsZ1BvbHk6AHRleHRzOgByZWZzOgBwYXl3YWxsZWQ6ADA2MTM2NjMyLnBkZgAOABoADAAwADYAMQAzADYANgAzADIALgBwAGQAZgAPABIACABDAGEAbABsAGkAbwBwAGUAEgBIVXNlcnMvZmMvRG9jdW1lbnRzL3Byb2cvc3JjL0dlbkFsZ1BvbHkvdGV4dHMvcmVmcy9wYXl3YWxsZWQvMDYxMzY2MzIucGRmABMAAS8AABUAAgAJ//8AAIAG0hscHR5aJGNsYXNzbmFtZVgkY2xhc3Nlc11OU011dGFibGVEYXRhox0fIFZOU0RhdGFYTlNPYmplY3TSGxwiI1xOU0RpY3Rpb25hcnmiIiBfEA9OU0tleWVkQXJjaGl2ZXLRJidUcm9vdIABAAgAEQAaACMALQAyADcAQABGAE0AVQBgAGcAagBsAG4AcQBzAHUAdwCEAI4ArACxALkCjwKRApYCoQKqArgCvALDAswC0QLeAuEC8wL2AvsAAAAAAAACAQAAAAAAAAAoAAAAAAAAAAAAAAAAAAAC/Q==}}

@article{fiore2012predicting,
	Author = {Fiore, Alessandra and Berardi, Luigi and Marano, Giuseppe Carlo},
	Date-Added = {2013-10-23 14:35:34 +0000},
	Date-Modified = {2013-10-23 14:35:34 +0000},
	Journal = {Advances in Engineering Software},
	Number = {1},
	Pages = {178--187},
	Publisher = {Elsevier},
	Title = {Predicting torsional strength of RC beams by using Evolutionary Polynomial Regression},
	Volume = {47},
	Year = {2012},
	Bdsk-File-1 = {YnBsaXN0MDDUAQIDBAUGJCVYJHZlcnNpb25YJG9iamVjdHNZJGFyY2hpdmVyVCR0b3ASAAGGoKgHCBMUFRYaIVUkbnVsbNMJCgsMDxJXTlMua2V5c1pOUy5vYmplY3RzViRjbGFzc6INDoACgAOiEBGABIAFgAdccmVsYXRpdmVQYXRoWWFsaWFzRGF0YV8QMHJlZnMvcGF5d2FsbGVkLzEtczIuMC1TMDk2NTk5NzgxMTAwMzAzNi1tYWluLnBkZtIXCxgZV05TLmRhdGFPEQImAAAAAAImAAIAAAhDYWxsaW9wZQAAAAAAAAAAAAAAAAAAAAAAAADNyQc6SCsAAAH2M4UfMS1zMi4wLVMwOTY1OTk3ODExMCMxRjYzQUEwLnBkZgAAAAAAAAAAAAAAAAAAAAAAAAAAAAAAAAAAAAAAAAAAAfY6oM6NaWkAAAAAAAAAAAABAAQAAAkgAAAAAAAAAAAAAAAAAAAACXBheXdhbGxlZAAAEAAIAADNyPkqAAAAEQAIAADOjVtZAAAAAQAkAfYzhQAOXDYADlunAA5V0AAJaPAACWfWAAXAvQAFwLwAAhIpAAIAbUNhbGxpb3BlOlVzZXJzOgBmYzoARG9jdW1lbnRzOgBwcm9nOgBzcmM6AEdlbkFsZ1BvbHk6AHRleHRzOgByZWZzOgBwYXl3YWxsZWQ6ADEtczIuMC1TMDk2NTk5NzgxMTAjMUY2M0FBMC5wZGYAAA4ARAAhADEALQBzADIALgAwAC0AUwAwADkANgA1ADkAOQA3ADgAMQAxADAAMAAzADAAMwA2AC0AbQBhAGkAbgAuAHAAZABmAA8AEgAIAEMAYQBsAGwAaQBvAHAAZQASAF1Vc2Vycy9mYy9Eb2N1bWVudHMvcHJvZy9zcmMvR2VuQWxnUG9seS90ZXh0cy9yZWZzL3BheXdhbGxlZC8xLXMyLjAtUzA5NjU5OTc4MTEwMDMwMzYtbWFpbi5wZGYAABMAAS8AABUAAgAJ//8AAIAG0hscHR5aJGNsYXNzbmFtZVgkY2xhc3Nlc11OU011dGFibGVEYXRhox0fIFZOU0RhdGFYTlNPYmplY3TSGxwiI1xOU0RpY3Rpb25hcnmiIiBfEA9OU0tleWVkQXJjaGl2ZXLRJidUcm9vdIABAAgAEQAaACMALQAyADcAQABGAE0AVQBgAGcAagBsAG4AcQBzAHUAdwCEAI4AwQDGAM4C+AL6Av8DCgMTAyEDJQMsAzUDOgNHA0oDXANfA2QAAAAAAAACAQAAAAAAAAAoAAAAAAAAAAAAAAAAAAADZg==}}

@article{wu2009novel,
	Author = {Wu, Chih-Hung and Tzeng, Gwo-Hshiung and Lin, Rong-Ho},
	Date-Added = {2013-10-23 14:35:09 +0000},
	Date-Modified = {2013-10-23 14:35:09 +0000},
	Journal = {Expert Systems with Applications},
	Number = {3},
	Pages = {4725--4735},
	Publisher = {Elsevier},
	Title = {A Novel hybrid genetic algorithm for kernel function and parameter optimization in support vector regression},
	Volume = {36},
	Year = {2009},
	Bdsk-File-1 = {YnBsaXN0MDDUAQIDBAUGJCVYJHZlcnNpb25YJG9iamVjdHNZJGFyY2hpdmVyVCR0b3ASAAGGoKgHCBMUFRYaIVUkbnVsbNMJCgsMDxJXTlMua2V5c1pOUy5vYmplY3RzViRjbGFzc6INDoACgAOiEBGABIAFgAdccmVsYXRpdmVQYXRoWWFsaWFzRGF0YV8QMHJlZnMvcGF5d2FsbGVkLzEtczIuMC1TMDk1NzQxNzQwODAwMzAwWC1tYWluLnBkZtIXCxgZV05TLmRhdGFPEQImAAAAAAImAAIAAAhDYWxsaW9wZQAAAAAAAAAAAAAAAAAAAAAAAADNyQc6SCsAAAH2M4UfMS1zMi4wLVMwOTU3NDE3NDA4MCMxRjYzODA0LnBkZgAAAAAAAAAAAAAAAAAAAAAAAAAAAAAAAAAAAAAAAAAAAfY4BM6NaQsAAAAAAAAAAAABAAQAAAkgAAAAAAAAAAAAAAAAAAAACXBheXdhbGxlZAAAEAAIAADNyPkqAAAAEQAIAADOjVr7AAAAAQAkAfYzhQAOXDYADlunAA5V0AAJaPAACWfWAAXAvQAFwLwAAhIpAAIAbUNhbGxpb3BlOlVzZXJzOgBmYzoARG9jdW1lbnRzOgBwcm9nOgBzcmM6AEdlbkFsZ1BvbHk6AHRleHRzOgByZWZzOgBwYXl3YWxsZWQ6ADEtczIuMC1TMDk1NzQxNzQwODAjMUY2MzgwNC5wZGYAAA4ARAAhADEALQBzADIALgAwAC0AUwAwADkANQA3ADQAMQA3ADQAMAA4ADAAMAAzADAAMABYAC0AbQBhAGkAbgAuAHAAZABmAA8AEgAIAEMAYQBsAGwAaQBvAHAAZQASAF1Vc2Vycy9mYy9Eb2N1bWVudHMvcHJvZy9zcmMvR2VuQWxnUG9seS90ZXh0cy9yZWZzL3BheXdhbGxlZC8xLXMyLjAtUzA5NTc0MTc0MDgwMDMwMFgtbWFpbi5wZGYAABMAAS8AABUAAgAJ//8AAIAG0hscHR5aJGNsYXNzbmFtZVgkY2xhc3Nlc11OU011dGFibGVEYXRhox0fIFZOU0RhdGFYTlNPYmplY3TSGxwiI1xOU0RpY3Rpb25hcnmiIiBfEA9OU0tleWVkQXJjaGl2ZXLRJidUcm9vdIABAAgAEQAaACMALQAyADcAQABGAE0AVQBgAGcAagBsAG4AcQBzAHUAdwCEAI4AwQDGAM4C+AL6Av8DCgMTAyEDJQMsAzUDOgNHA0oDXANfA2QAAAAAAAACAQAAAAAAAAAoAAAAAAAAAAAAAAAAAAADZg==}}

@article{ghai2013fast,
	Author = {Ghai, Dhruva and Mohanty, Saraju P and Thakral, Garima},
	Date-Added = {2013-10-23 14:34:36 +0000},
	Date-Modified = {2013-10-23 14:34:36 +0000},
	Journal = {Microelectronics Journal},
	Publisher = {Elsevier},
	Title = {Fast optimization of nano-CMOS voltage-controlled oscillator using polynomial regression and genetic algorithm},
	Year = {2013},
	Bdsk-File-1 = {YnBsaXN0MDDUAQIDBAUGJCVYJHZlcnNpb25YJG9iamVjdHNZJGFyY2hpdmVyVCR0b3ASAAGGoKgHCBMUFRYaIVUkbnVsbNMJCgsMDxJXTlMua2V5c1pOUy5vYmplY3RzViRjbGFzc6INDoACgAOiEBGABIAFgAdccmVsYXRpdmVQYXRoWWFsaWFzRGF0YV8QMHJlZnMvcGF5d2FsbGVkLzEtczIuMC1TMDAyNjI2OTIxMzAwMTA2Ny1tYWluLnBkZtIXCxgZV05TLmRhdGFPEQImAAAAAAImAAIAAAhDYWxsaW9wZQAAAAAAAAAAAAAAAAAAAAAAAADNyQc6SCsAAAH2M4UfMS1zMi4wLVMwMDI2MjY5MjEzMCMxRjYzRDM3LnBkZgAAAAAAAAAAAAAAAAAAAAAAAAAAAAAAAAAAAAAAAAAAAfY9N86Nac8AAAAAAAAAAAABAAQAAAkgAAAAAAAAAAAAAAAAAAAACXBheXdhbGxlZAAAEAAIAADNyPkqAAAAEQAIAADOjVu/AAAAAQAkAfYzhQAOXDYADlunAA5V0AAJaPAACWfWAAXAvQAFwLwAAhIpAAIAbUNhbGxpb3BlOlVzZXJzOgBmYzoARG9jdW1lbnRzOgBwcm9nOgBzcmM6AEdlbkFsZ1BvbHk6AHRleHRzOgByZWZzOgBwYXl3YWxsZWQ6ADEtczIuMC1TMDAyNjI2OTIxMzAjMUY2M0QzNy5wZGYAAA4ARAAhADEALQBzADIALgAwAC0AUwAwADAAMgA2ADIANgA5ADIAMQAzADAAMAAxADAANgA3AC0AbQBhAGkAbgAuAHAAZABmAA8AEgAIAEMAYQBsAGwAaQBvAHAAZQASAF1Vc2Vycy9mYy9Eb2N1bWVudHMvcHJvZy9zcmMvR2VuQWxnUG9seS90ZXh0cy9yZWZzL3BheXdhbGxlZC8xLXMyLjAtUzAwMjYyNjkyMTMwMDEwNjctbWFpbi5wZGYAABMAAS8AABUAAgAJ//8AAIAG0hscHR5aJGNsYXNzbmFtZVgkY2xhc3Nlc11OU011dGFibGVEYXRhox0fIFZOU0RhdGFYTlNPYmplY3TSGxwiI1xOU0RpY3Rpb25hcnmiIiBfEA9OU0tleWVkQXJjaGl2ZXLRJidUcm9vdIABAAgAEQAaACMALQAyADcAQABGAE0AVQBgAGcAagBsAG4AcQBzAHUAdwCEAI4AwQDGAM4C+AL6Av8DCgMTAyEDJQMsAzUDOgNHA0oDXANfA2QAAAAAAAACAQAAAAAAAAAoAAAAAAAAAAAAAAAAAAADZg==}}

@article{ustun2005determination,
	Author = {{\"U}st{\"u}n, B and Melssen, WJ and Oudenhuijzen, M and Buydens, LMC},
	Date-Added = {2013-10-23 14:33:50 +0000},
	Date-Modified = {2013-10-23 14:33:50 +0000},
	Journal = {Analytica Chimica Acta},
	Number = {1},
	Pages = {292--305},
	Publisher = {Elsevier},
	Title = {Determination of optimal support vector regression parameters by genetic algorithms and simplex optimization},
	Volume = {544},
	Year = {2005},
	Bdsk-File-1 = {YnBsaXN0MDDUAQIDBAUGJCVYJHZlcnNpb25YJG9iamVjdHNZJGFyY2hpdmVyVCR0b3ASAAGGoKgHCBMUFRYaIVUkbnVsbNMJCgsMDxJXTlMua2V5c1pOUy5vYmplY3RzViRjbGFzc6INDoACgAOiEBGABIAFgAdccmVsYXRpdmVQYXRoWWFsaWFzRGF0YV8QMHJlZnMvcGF5d2FsbGVkLzEtczIuMC1TMDAwMzI2NzAwNDAxNjYwNS1tYWluLnBkZtIXCxgZV05TLmRhdGFPEQImAAAAAAImAAIAAAhDYWxsaW9wZQAAAAAAAAAAAAAAAAAAAAAAAADNyQc6SCsAAAH2M4UfMS1zMi4wLVMwMDAzMjY3MDA0MCMxRjYzNDRFLnBkZgAAAAAAAAAAAAAAAAAAAAAAAAAAAAAAAAAAAAAAAAAAAfY0Ts6NaN4AAAAAAAAAAAABAAQAAAkgAAAAAAAAAAAAAAAAAAAACXBheXdhbGxlZAAAEAAIAADNyPkqAAAAEQAIAADOjVrOAAAAAQAkAfYzhQAOXDYADlunAA5V0AAJaPAACWfWAAXAvQAFwLwAAhIpAAIAbUNhbGxpb3BlOlVzZXJzOgBmYzoARG9jdW1lbnRzOgBwcm9nOgBzcmM6AEdlbkFsZ1BvbHk6AHRleHRzOgByZWZzOgBwYXl3YWxsZWQ6ADEtczIuMC1TMDAwMzI2NzAwNDAjMUY2MzQ0RS5wZGYAAA4ARAAhADEALQBzADIALgAwAC0AUwAwADAAMAAzADIANgA3ADAAMAA0ADAAMQA2ADYAMAA1AC0AbQBhAGkAbgAuAHAAZABmAA8AEgAIAEMAYQBsAGwAaQBvAHAAZQASAF1Vc2Vycy9mYy9Eb2N1bWVudHMvcHJvZy9zcmMvR2VuQWxnUG9seS90ZXh0cy9yZWZzL3BheXdhbGxlZC8xLXMyLjAtUzAwMDMyNjcwMDQwMTY2MDUtbWFpbi5wZGYAABMAAS8AABUAAgAJ//8AAIAG0hscHR5aJGNsYXNzbmFtZVgkY2xhc3Nlc11OU011dGFibGVEYXRhox0fIFZOU0RhdGFYTlNPYmplY3TSGxwiI1xOU0RpY3Rpb25hcnmiIiBfEA9OU0tleWVkQXJjaGl2ZXLRJidUcm9vdIABAAgAEQAaACMALQAyADcAQABGAE0AVQBgAGcAagBsAG4AcQBzAHUAdwCEAI4AwQDGAM4C+AL6Av8DCgMTAyEDJQMsAzUDOgNHA0oDXANfA2QAAAAAAAACAQAAAAAAAAAoAAAAAAAAAAAAAAAAAAADZg==}}
