%% This BibTeX bibliography file was created using BibDesk.
%% http://bibdesk.sourceforge.net/


%% Created for Francisco at 2015-08-07 12:11:37 +0100 


%% Saved with string encoding Unicode (UTF-8) 



@article{dehuri2011condensed,
	Author = {Dehuri, Satchidananda and Misra, Bijan Bihari and Ghosh, Ashish and Cho, S-B},
	Date-Added = {2015-08-07 11:10:48 +0000},
	Date-Modified = {2015-08-07 11:10:48 +0000},
	Journal = {Applied Soft Computing},
	Number = {3},
	Pages = {3106--3113},
	Publisher = {Elsevier},
	Title = {A condensed polynomial neural network for classification using swarm intelligence},
	Volume = {11},
	Year = {2011}}

@article{Gupta2009275,
	Author = {Gupta, R.K. and Bhunia, A.K. and Roy, D.},
	Date-Added = {2015-08-03 10:41:44 +0000},
	Date-Modified = {2015-08-03 10:42:12 +0000},
	Doi = {http://dx.doi.org/10.1016/j.cam.2009.06.008},
	Issn = {0377-0427},
	Journal = {Journal of Computational and Applied Mathematics},
	Keywords = {Penalty technique},
	Number = {2},
	Pages = {275 - 284},
	Title = {A {GA} based penalty function technique for solving constrained redundancy allocation problem of series system with interval valued reliability of components},
	Url = {http://www.sciencedirect.com/science/article/pii/S0377042709003549},
	Volume = {232},
	Year = {2009},
	Bdsk-Url-1 = {http://www.sciencedirect.com/science/article/pii/S0377042709003549},
	Bdsk-Url-2 = {http://dx.doi.org/10.1016/j.cam.2009.06.008}}

@article{huang2006ga,
	Author = {Huang, Cheng-Lung and Wang, Chieh-Jen},
	Date-Added = {2013-11-20 15:04:02 +0000},
	Date-Modified = {2013-11-20 15:05:15 +0000},
	Journal = {Expert Systems with applications},
	Keywords = {GA, SVM},
	Number = {2},
	Pages = {231--240},
	Publisher = {Elsevier},
	Title = {A GA-based feature selection and parameters optimization for support vector machines},
	Volume = {31},
	Year = {2006},
	Bdsk-File-1 = {YnBsaXN0MDDUAQIDBAUGJCVYJHZlcnNpb25YJG9iamVjdHNZJGFyY2hpdmVyVCR0b3ASAAGGoKgHCBMUFRYaIVUkbnVsbNMJCgsMDxJXTlMua2V5c1pOUy5vYmplY3RzViRjbGFzc6INDoACgAOiEBGABIAFgAdccmVsYXRpdmVQYXRoWWFsaWFzRGF0YV8QWy4uL3JlZnMvSHVhbmcgLSBBIEdBLWJhc2VkIGZlYXR1cmUgc2VsZWN0aW9uIGFuZCBwYXJhbWV0ZXJzIG9wdGltaXphdGlvbiBmb3IgU1ZNICgyMDA2KS5wZGbSFwsYGVdOUy5kYXRhTxECnAAAAAACnAACAAAIQ2FsbGlvcGUAAAAAAAAAAAAAAAAAAAAAAAAA0PMZ00grAAAAEeYNH0h1YW5nIC0gQSBHQS1iYXNlZCBmIzExRTYxRS5wZGYAAAAAAAAAAAAAAAAAAAAAAAAAAAAAAAAAAAAAAAAAAAAR5h7Oq/TFAAAAAAAAAAAAAQACAAAJIAAAAAAAAAAAAAAAAAAAAARyZWZzABAACAAA0PMZ0wAAABEACAAAzqv0xQAAAAEAIAAR5g0AEeV+ABHfwgAR2D0AENIZABDNCgAQAj0AD/clAAIAYkNhbGxpb3BlOlVzZXJzOgBmYzoARG9jdW1lbnRzOgBwcm9nOgBzcmM6AEdlbkFsZ1BvbHk6AHRleHRzOgByZWZzOgBIdWFuZyAtIEEgR0EtYmFzZWQgZiMxMUU2MUUucGRmAA4AqABTAEgAdQBhAG4AZwAgAC0AIABBACAARwBBAC0AYgBhAHMAZQBkACAAZgBlAGEAdAB1AHIAZQAgAHMAZQBsAGUAYwB0AGkAbwBuACAAYQBuAGQAIABwAGEAcgBhAG0AZQB0AGUAcgBzACAAbwBwAHQAaQBtAGkAegBhAHQAaQBvAG4AIABmAG8AcgAgAFMAVgBNACAAKAAyADAAMAA2ACkALgBwAGQAZgAPABIACABDAGEAbABsAGkAbwBwAGUAEgCFVXNlcnMvZmMvRG9jdW1lbnRzL3Byb2cvc3JjL0dlbkFsZ1BvbHkvdGV4dHMvcmVmcy9IdWFuZyAtIEEgR0EtYmFzZWQgZmVhdHVyZSBzZWxlY3Rpb24gYW5kIHBhcmFtZXRlcnMgb3B0aW1pemF0aW9uIGZvciBTVk0gKDIwMDYpLnBkZgAAEwABLwAAFQACAAn//wAAgAbSGxwdHlokY2xhc3NuYW1lWCRjbGFzc2VzXU5TTXV0YWJsZURhdGGjHR8gVk5TRGF0YVhOU09iamVjdNIbHCIjXE5TRGljdGlvbmFyeaIiIF8QD05TS2V5ZWRBcmNoaXZlctEmJ1Ryb290gAEACAARABoAIwAtADIANwBAAEYATQBVAGAAZwBqAGwAbgBxAHMAdQB3AIQAjgDsAPEA+QOZA5sDoAOrA7QDwgPGA80D1gPbA+gD6wP9BAAEBQAAAAAAAAIBAAAAAAAAACgAAAAAAAAAAAAAAAAAAAQH}}

@incollection{scholkopf1997kernel,
	Author = {Sch{\"o}lkopf, Bernhard and Smola, Alexander and M{\"u}ller, Klaus-Robert},
	Booktitle = {Artificial Neural Networks {ICANN'97}},
	Date-Added = {2013-11-13 12:00:32 +0000},
	Date-Modified = {2013-11-20 15:37:27 +0000},
	Keywords = {PCA, SVM},
	Pages = {583--588},
	Publisher = {Springer},
	Title = {Kernel principal component analysis},
	Year = {1997},
	Bdsk-File-1 = {YnBsaXN0MDDUAQIDBAUGJCVYJHZlcnNpb25YJG9iamVjdHNZJGFyY2hpdmVyVCR0b3ASAAGGoKgHCBMUFRYaIVUkbnVsbNMJCgsMDxJXTlMua2V5c1pOUy5vYmplY3RzViRjbGFzc6INDoACgAOiEBGABIAFgAdccmVsYXRpdmVQYXRoWWFsaWFzRGF0YV8QLy4uL3JlZnMvS2VybmVsIFByaW5jaXBhbCBDb21wb25lbnQgQW5hbHlzaXMucGRm0hcLGBlXTlMuZGF0YU8RAhgAAAAAAhgAAgAACENhbGxpb3BlAAAAAAAAAAAAAAAAAAAAAAAAANDzGdNIKwAAABHmDR9LZXJuZWwgUHJpbmNpcGFsIENvbSMxMUU2MUYucGRmAAAAAAAAAAAAAAAAAAAAAAAAAAAAAAAAAAAAAAAAAAAAEeYfzqv0xQAAAAAAAAAAAAEAAgAACSAAAAAAAAAAAAAAAAAAAAAEcmVmcwAQAAgAANDzGdMAAAARAAgAAM6r9MUAAAABACAAEeYNABHlfgAR38IAEdg9ABDSGQAQzQoAEAI9AA/3JQACAGJDYWxsaW9wZTpVc2VyczoAZmM6AERvY3VtZW50czoAcHJvZzoAc3JjOgBHZW5BbGdQb2x5OgB0ZXh0czoAcmVmczoAS2VybmVsIFByaW5jaXBhbCBDb20jMTFFNjFGLnBkZgAOAFAAJwBLAGUAcgBuAGUAbAAgAFAAcgBpAG4AYwBpAHAAYQBsACAAQwBvAG0AcABvAG4AZQBuAHQAIABBAG4AYQBsAHkAcwBpAHMALgBwAGQAZgAPABIACABDAGEAbABsAGkAbwBwAGUAEgBZVXNlcnMvZmMvRG9jdW1lbnRzL3Byb2cvc3JjL0dlbkFsZ1BvbHkvdGV4dHMvcmVmcy9LZXJuZWwgUHJpbmNpcGFsIENvbXBvbmVudCBBbmFseXNpcy5wZGYAABMAAS8AABUAAgAJ//8AAIAG0hscHR5aJGNsYXNzbmFtZVgkY2xhc3Nlc11OU011dGFibGVEYXRhox0fIFZOU0RhdGFYTlNPYmplY3TSGxwiI1xOU0RpY3Rpb25hcnmiIiBfEA9OU0tleWVkQXJjaGl2ZXLRJidUcm9vdIABAAgAEQAaACMALQAyADcAQABGAE0AVQBgAGcAagBsAG4AcQBzAHUAdwCEAI4AwADFAM0C6QLrAvAC+wMEAxIDFgMdAyYDKwM4AzsDTQNQA1UAAAAAAAACAQAAAAAAAAAoAAAAAAAAAAAAAAAAAAADVw==}}

@article{liang2012eigen,
	Author = {Liang, Zhiyu and Lee, Yoonkyung},
	Date-Added = {2013-11-13 11:58:51 +0000},
	Date-Modified = {2013-11-20 15:17:12 +0000},
	Keywords = {PCA, Polynomial Kernel, SVM},
	Title = {Eigen-Analysis of Nonlinear PCA with Polynomial Kernels},
	Year = {2012},
	Bdsk-File-1 = {YnBsaXN0MDDUAQIDBAUGJCVYJHZlcnNpb25YJG9iamVjdHNZJGFyY2hpdmVyVCR0b3ASAAGGoKgHCBMUFRYaIVUkbnVsbNMJCgsMDxJXTlMua2V5c1pOUy5vYmplY3RzViRjbGFzc6INDoACgAOiEBGABIAFgAdccmVsYXRpdmVQYXRoWWFsaWFzRGF0YV8QWC4uL3JlZnMvRWlnZW4tQW5hbHlzaXMgb2YgTm9ubGluZWFyIFBDQSB3aXRoIFBvbHlub21pYWwgS2VybmVscy1BX1JFQ0VOVF9QQVBFUi10cjg3Mi5wZGbSFwsYGVdOUy5kYXRhTxECkgAAAAACkgACAAAIQ2FsbGlvcGUAAAAAAAAAAAAAAAAAAAAAAAAA0PMZ00grAAAAEeYNH0VpZ2VuLUFuYWx5c2lzIG9mIE5vIzExRTYxNy5wZGYAAAAAAAAAAAAAAAAAAAAAAAAAAAAAAAAAAAAAAAAAAAAR5hfOq/TFAAAAAAAAAAAAAQACAAAJIAAAAAAAAAAAAAAAAAAAAARyZWZzABAACAAA0PMZ0wAAABEACAAAzqv0xQAAAAEAIAAR5g0AEeV+ABHfwgAR2D0AENIZABDNCgAQAj0AD/clAAIAYkNhbGxpb3BlOlVzZXJzOgBmYzoARG9jdW1lbnRzOgBwcm9nOgBzcmM6AEdlbkFsZ1BvbHk6AHRleHRzOgByZWZzOgBFaWdlbi1BbmFseXNpcyBvZiBObyMxMUU2MTcucGRmAA4AogBQAEUAaQBnAGUAbgAtAEEAbgBhAGwAeQBzAGkAcwAgAG8AZgAgAE4AbwBuAGwAaQBuAGUAYQByACAAUABDAEEAIAB3AGkAdABoACAAUABvAGwAeQBuAG8AbQBpAGEAbAAgAEsAZQByAG4AZQBsAHMALQBBAF8AUgBFAEMARQBOAFQAXwBQAEEAUABFAFIALQB0AHIAOAA3ADIALgBwAGQAZgAPABIACABDAGEAbABsAGkAbwBwAGUAEgCCVXNlcnMvZmMvRG9jdW1lbnRzL3Byb2cvc3JjL0dlbkFsZ1BvbHkvdGV4dHMvcmVmcy9FaWdlbi1BbmFseXNpcyBvZiBOb25saW5lYXIgUENBIHdpdGggUG9seW5vbWlhbCBLZXJuZWxzLUFfUkVDRU5UX1BBUEVSLXRyODcyLnBkZgATAAEvAAAVAAIACf//AACABtIbHB0eWiRjbGFzc25hbWVYJGNsYXNzZXNdTlNNdXRhYmxlRGF0YaMdHyBWTlNEYXRhWE5TT2JqZWN00hscIiNcTlNEaWN0aW9uYXJ5oiIgXxAPTlNLZXllZEFyY2hpdmVy0SYnVHJvb3SAAQAIABEAGgAjAC0AMgA3AEAARgBNAFUAYABnAGoAbABuAHEAcwB1AHcAhACOAOkA7gD2A4wDjgOTA54DpwO1A7kDwAPJA84D2wPeA/AD8wP4AAAAAAAAAgEAAAAAAAAAKAAAAAAAAAAAAAAAAAAAA/o=}}

@article{nikolaev2001accelerated,
	Author = {Nikolaev, Nikolay I and Iba, Hitoshi},
	Date-Added = {2013-11-13 11:58:08 +0000},
	Date-Modified = {2013-11-13 14:45:21 +0000},
	Journal = {Genetic Programming and Evolvable Machines},
	Keywords = {GA},
	Number = {3},
	Pages = {231--257},
	Publisher = {Springer},
	Title = {Accelerated genetic programming of polynomials},
	Volume = {2},
	Year = {2001},
	Bdsk-File-1 = {YnBsaXN0MDDUAQIDBAUGJCVYJHZlcnNpb25YJG9iamVjdHNZJGFyY2hpdmVyVCR0b3ASAAGGoKgHCBMUFRYaIVUkbnVsbNMJCgsMDxJXTlMua2V5c1pOUy5vYmplY3RzViRjbGFzc6INDoACgAOiEBGABIAFgAdccmVsYXRpdmVQYXRoWWFsaWFzRGF0YV8QOi4uL3JlZnMvQWNjZWxlcmF0ZWQgR2VuZXRpYyBQcm9ncmFtbWluZyBvZiBQb2x5bm9taWFscy5wZGbSFwsYGVdOUy5kYXRhTxECOAAAAAACOAACAAAIQ2FsbGlvcGUAAAAAAAAAAAAAAAAAAAAAAAAA0PMZ00grAAAAEeYNH0FjY2VsZXJhdGVkIEdlbmV0aWMgIzExRTYwRi5wZGYAAAAAAAAAAAAAAAAAAAAAAAAAAAAAAAAAAAAAAAAAAAAR5g/Oq/TFAAAAAAAAAAAAAQACAAAJIAAAAAAAAAAAAAAAAAAAAARyZWZzABAACAAA0PMZ0wAAABEACAAAzqv0xQAAAAEAIAAR5g0AEeV+ABHfwgAR2D0AENIZABDNCgAQAj0AD/clAAIAYkNhbGxpb3BlOlVzZXJzOgBmYzoARG9jdW1lbnRzOgBwcm9nOgBzcmM6AEdlbkFsZ1BvbHk6AHRleHRzOgByZWZzOgBBY2NlbGVyYXRlZCBHZW5ldGljICMxMUU2MEYucGRmAA4AZgAyAEEAYwBjAGUAbABlAHIAYQB0AGUAZAAgAEcAZQBuAGUAdABpAGMAIABQAHIAbwBnAHIAYQBtAG0AaQBuAGcAIABvAGYAIABQAG8AbAB5AG4AbwBtAGkAYQBsAHMALgBwAGQAZgAPABIACABDAGEAbABsAGkAbwBwAGUAEgBkVXNlcnMvZmMvRG9jdW1lbnRzL3Byb2cvc3JjL0dlbkFsZ1BvbHkvdGV4dHMvcmVmcy9BY2NlbGVyYXRlZCBHZW5ldGljIFByb2dyYW1taW5nIG9mIFBvbHlub21pYWxzLnBkZgATAAEvAAAVAAIACf//AACABtIbHB0eWiRjbGFzc25hbWVYJGNsYXNzZXNdTlNNdXRhYmxlRGF0YaMdHyBWTlNEYXRhWE5TT2JqZWN00hscIiNcTlNEaWN0aW9uYXJ5oiIgXxAPTlNLZXllZEFyY2hpdmVy0SYnVHJvb3SAAQAIABEAGgAjAC0AMgA3AEAARgBNAFUAYABnAGoAbABuAHEAcwB1AHcAhACOAMsA0ADYAxQDFgMbAyYDLwM9A0EDSANRA1YDYwNmA3gDewOAAAAAAAAAAgEAAAAAAAAAKAAAAAAAAAAAAAAAAAAAA4I=}}

@inproceedings{Clegg:2005aa,
	Author = {Clegg, Janet and Dawson, John F and Porter, Stuart J and Barley, Mark H},
	Booktitle = {Evolutionary Computation, 2005. The 2005 IEEE Congress on},
	Date-Added = {2013-11-13 11:36:19 +0000},
	Date-Modified = {2013-11-13 14:43:54 +0000},
	Keywords = {GA},
	Organization = {IEEE},
	Pages = {928--934},
	Title = {The use of a genetic algorithm to optimize the functional form of a multi-dimensional polynomial fit to experimental data},
	Volume = {1},
	Year = {2005},
	Bdsk-File-1 = {YnBsaXN0MDDUAQIDBAUGJCVYJHZlcnNpb25YJG9iamVjdHNZJGFyY2hpdmVyVCR0b3ASAAGGoKgHCBMUFRYaIVUkbnVsbNMJCgsMDxJXTlMua2V5c1pOUy5vYmplY3RzViRjbGFzc6INDoACgAOiEBGABIAFgAdccmVsYXRpdmVQYXRoWWFsaWFzRGF0YV8QhS4uL3JlZnMvVGhlIHVzZSBvZiBhIGdlbmV0aWMgYWxnb3JpdGhtIHRvIG9wdGltaXplIHRoZSBmdW5jdGlvbmFsIGZvcm0gb2YgYSBtdWx0aS1kaW1lbnNpb25hbCBwb2x5bm9taWFsIGZpdCB0byBleHBlcmltZW50YWwgZGF0YS5wZGbSFwsYGVdOUy5kYXRhTxEDGgAAAAADGgACAAAIQ2FsbGlvcGUAAAAAAAAAAAAAAAAAAAAAAAAA0PMZ00grAAAAEeYNH1RoZSB1c2Ugb2YgYSBnZW5ldGljIzExRTYyQS5wZGYAAAAAAAAAAAAAAAAAAAAAAAAAAAAAAAAAAAAAAAAAAAAR5irOq/TFAAAAAAAAAAAAAQACAAAJIAAAAAAAAAAAAAAAAAAAAARyZWZzABAACAAA0PMZ0wAAABEACAAAzqv0xQAAAAEAIAAR5g0AEeV+ABHfwgAR2D0AENIZABDNCgAQAj0AD/clAAIAYkNhbGxpb3BlOlVzZXJzOgBmYzoARG9jdW1lbnRzOgBwcm9nOgBzcmM6AEdlbkFsZ1BvbHk6AHRleHRzOgByZWZzOgBUaGUgdXNlIG9mIGEgZ2VuZXRpYyMxMUU2MkEucGRmAA4A/AB9AFQAaABlACAAdQBzAGUAIABvAGYAIABhACAAZwBlAG4AZQB0AGkAYwAgAGEAbABnAG8AcgBpAHQAaABtACAAdABvACAAbwBwAHQAaQBtAGkAegBlACAAdABoAGUAIABmAHUAbgBjAHQAaQBvAG4AYQBsACAAZgBvAHIAbQAgAG8AZgAgAGEAIABtAHUAbAB0AGkALQBkAGkAbQBlAG4AcwBpAG8AbgBhAGwAIABwAG8AbAB5AG4AbwBtAGkAYQBsACAAZgBpAHQAIAB0AG8AIABlAHgAcABlAHIAaQBtAGUAbgB0AGEAbAAgAGQAYQB0AGEALgBwAGQAZgAPABIACABDAGEAbABsAGkAbwBwAGUAEgCvVXNlcnMvZmMvRG9jdW1lbnRzL3Byb2cvc3JjL0dlbkFsZ1BvbHkvdGV4dHMvcmVmcy9UaGUgdXNlIG9mIGEgZ2VuZXRpYyBhbGdvcml0aG0gdG8gb3B0aW1pemUgdGhlIGZ1bmN0aW9uYWwgZm9ybSBvZiBhIG11bHRpLWRpbWVuc2lvbmFsIHBvbHlub21pYWwgZml0IHRvIGV4cGVyaW1lbnRhbCBkYXRhLnBkZgAAEwABLwAAFQACAAn//wAAgAbSGxwdHlokY2xhc3NuYW1lWCRjbGFzc2VzXU5TTXV0YWJsZURhdGGjHR8gVk5TRGF0YVhOU09iamVjdNIbHCIjXE5TRGljdGlvbmFyeaIiIF8QD05TS2V5ZWRBcmNoaXZlctEmJ1Ryb290gAEACAARABoAIwAtADIANwBAAEYATQBVAGAAZwBqAGwAbgBxAHMAdQB3AIQAjgEWARsBIwRBBEMESARTBFwEagRuBHUEfgSDBJAEkwSlBKgErQAAAAAAAAIBAAAAAAAAACgAAAAAAAAAAAAAAAAAAASv}}

@article{Davidson:2003aa,
	Author = {Davidson, JW and Savic, Dragan A and Walters, Godfrey A},
	Date-Added = {2013-11-13 11:36:04 +0000},
	Date-Modified = {2013-11-13 14:43:17 +0000},
	Journal = {Information Sciences},
	Keywords = {GA, EPR},
	Number = {1},
	Pages = {95--117},
	Publisher = {Elsevier},
	Title = {Symbolic and numerical regression: Experiments and applications},
	Volume = {150},
	Year = {2003},
	Bdsk-File-1 = {YnBsaXN0MDDUAQIDBAUGJCVYJHZlcnNpb25YJG9iamVjdHNZJGFyY2hpdmVyVCR0b3ASAAGGoKgHCBMUFRYaIVUkbnVsbNMJCgsMDxJXTlMua2V5c1pOUy5vYmplY3RzViRjbGFzc6INDoACgAOiEBGABIAFgAdccmVsYXRpdmVQYXRoWWFsaWFzRGF0YV8QSy4uL3JlZnMvU3ltYm9saWMgYW5kIG51bWVyaWNhbCByZWdyZXNzaW9uLSBleHBlcmltZW50cyBhbmQgYXBwbGljYXRpb25zLnBkZtIXCxgZV05TLmRhdGFPEQJsAAAAAAJsAAIAAAhDYWxsaW9wZQAAAAAAAAAAAAAAAAAAAAAAAADQ8xnTSCsAAAAR5g0fU3ltYm9saWMgYW5kIG51bWVyaWMjMTFFNjI5LnBkZgAAAAAAAAAAAAAAAAAAAAAAAAAAAAAAAAAAAAAAAAAAABHmKc6r9MUAAAAAAAAAAAABAAIAAAkgAAAAAAAAAAAAAAAAAAAABHJlZnMAEAAIAADQ8xnTAAAAEQAIAADOq/TFAAAAAQAgABHmDQAR5X4AEd/CABHYPQAQ0hkAEM0KABACPQAP9yUAAgBiQ2FsbGlvcGU6VXNlcnM6AGZjOgBEb2N1bWVudHM6AHByb2c6AHNyYzoAR2VuQWxnUG9seToAdGV4dHM6AHJlZnM6AFN5bWJvbGljIGFuZCBudW1lcmljIzExRTYyOS5wZGYADgCIAEMAUwB5AG0AYgBvAGwAaQBjACAAYQBuAGQAIABuAHUAbQBlAHIAaQBjAGEAbAAgAHIAZQBnAHIAZQBzAHMAaQBvAG4ALQAgAGUAeABwAGUAcgBpAG0AZQBuAHQAcwAgAGEAbgBkACAAYQBwAHAAbABpAGMAYQB0AGkAbwBuAHMALgBwAGQAZgAPABIACABDAGEAbABsAGkAbwBwAGUAEgB1VXNlcnMvZmMvRG9jdW1lbnRzL3Byb2cvc3JjL0dlbkFsZ1BvbHkvdGV4dHMvcmVmcy9TeW1ib2xpYyBhbmQgbnVtZXJpY2FsIHJlZ3Jlc3Npb24tIGV4cGVyaW1lbnRzIGFuZCBhcHBsaWNhdGlvbnMucGRmAAATAAEvAAAVAAIACf//AACABtIbHB0eWiRjbGFzc25hbWVYJGNsYXNzZXNdTlNNdXRhYmxlRGF0YaMdHyBWTlNEYXRhWE5TT2JqZWN00hscIiNcTlNEaWN0aW9uYXJ5oiIgXxAPTlNLZXllZEFyY2hpdmVy0SYnVHJvb3SAAQAIABEAGgAjAC0AMgA3AEAARgBNAFUAYABnAGoAbABuAHEAcwB1AHcAhACOANwA4QDpA1kDWwNgA2sDdAOCA4YDjQOWA5sDqAOrA70DwAPFAAAAAAAAAgEAAAAAAAAAKAAAAAAAAAAAAAAAAAAAA8c=}}

@article{Hoos:2012aa,
	Author = {Hoos, Holger H},
	Date-Added = {2013-11-13 11:35:45 +0000},
	Date-Modified = {2013-11-13 14:42:01 +0000},
	Journal = {Communications of the ACM},
	Keywords = {Outlier},
	Number = {2},
	Pages = {70--80},
	Publisher = {ACM},
	Title = {Programming by optimization},
	Volume = {55},
	Year = {2012},
	Bdsk-File-1 = {YnBsaXN0MDDUAQIDBAUGJCVYJHZlcnNpb25YJG9iamVjdHNZJGFyY2hpdmVyVCR0b3ASAAGGoKgHCBMUFRYaIVUkbnVsbNMJCgsMDxJXTlMua2V5c1pOUy5vYmplY3RzViRjbGFzc6INDoACgAOiEBGABIAFgAdccmVsYXRpdmVQYXRoWWFsaWFzRGF0YV8QNS4uL3JlZnMvSG9vcyAtIFByb2dyYW1taW5nIGJ5IG9wdGltaXphdGlvbiAoMjAxMikucGRm0hcLGBlXTlMuZGF0YU8RAioAAAAAAioAAgAACENhbGxpb3BlAAAAAAAAAAAAAAAAAAAAAAAAANDzGdNIKwAAABHmDR9Ib29zIC0gUHJvZ3JhbW1pbmcgYiMxMUU2MUQucGRmAAAAAAAAAAAAAAAAAAAAAAAAAAAAAAAAAAAAAAAAAAAAEeYdzqv0xQAAAAAAAAAAAAEAAgAACSAAAAAAAAAAAAAAAAAAAAAEcmVmcwAQAAgAANDzGdMAAAARAAgAAM6r9MUAAAABACAAEeYNABHlfgAR38IAEdg9ABDSGQAQzQoAEAI9AA/3JQACAGJDYWxsaW9wZTpVc2VyczoAZmM6AERvY3VtZW50czoAcHJvZzoAc3JjOgBHZW5BbGdQb2x5OgB0ZXh0czoAcmVmczoASG9vcyAtIFByb2dyYW1taW5nIGIjMTFFNjFELnBkZgAOAFwALQBIAG8AbwBzACAALQAgAFAAcgBvAGcAcgBhAG0AbQBpAG4AZwAgAGIAeQAgAG8AcAB0AGkAbQBpAHoAYQB0AGkAbwBuACAAKAAyADAAMQAyACkALgBwAGQAZgAPABIACABDAGEAbABsAGkAbwBwAGUAEgBfVXNlcnMvZmMvRG9jdW1lbnRzL3Byb2cvc3JjL0dlbkFsZ1BvbHkvdGV4dHMvcmVmcy9Ib29zIC0gUHJvZ3JhbW1pbmcgYnkgb3B0aW1pemF0aW9uICgyMDEyKS5wZGYAABMAAS8AABUAAgAJ//8AAIAG0hscHR5aJGNsYXNzbmFtZVgkY2xhc3Nlc11OU011dGFibGVEYXRhox0fIFZOU0RhdGFYTlNPYmplY3TSGxwiI1xOU0RpY3Rpb25hcnmiIiBfEA9OU0tleWVkQXJjaGl2ZXLRJidUcm9vdIABAAgAEQAaACMALQAyADcAQABGAE0AVQBgAGcAagBsAG4AcQBzAHUAdwCEAI4AxgDLANMDAQMDAwgDEwMcAyoDLgM1Az4DQwNQA1MDZQNoA20AAAAAAAACAQAAAAAAAAAoAAAAAAAAAAAAAAAAAAADbw==}}

@article{Fiore:2012aa,
	Author = {Fiore, Alessandra and Berardi, Luigi and Marano, Giuseppe Carlo},
	Date-Added = {2013-11-13 11:35:29 +0000},
	Date-Modified = {2013-11-13 14:41:18 +0000},
	Journal = {Advances in Engineering Software},
	Keywords = {EPR, Application},
	Number = {1},
	Pages = {178--187},
	Publisher = {Elsevier},
	Title = {Predicting torsional strength of RC beams by using Evolutionary Polynomial Regression},
	Volume = {47},
	Year = {2012},
	Bdsk-File-1 = {YnBsaXN0MDDUAQIDBAUGJCVYJHZlcnNpb25YJG9iamVjdHNZJGFyY2hpdmVyVCR0b3ASAAGGoKgHCBMUFRYaIVUkbnVsbNMJCgsMDxJXTlMua2V5c1pOUy5vYmplY3RzViRjbGFzc6INDoACgAOiEBGABIAFgAdccmVsYXRpdmVQYXRoWWFsaWFzRGF0YV8QUS4uL3JlZnMvRmlvcmkgLSBQcmVkaWN0aW5nIHRvcnNpb25hbCBzdHJlbmd0aCBvZiBSQyBiZWFtcyBieSB1c2luZyBFUFIgKDIwMTIpLnBkZtIXCxgZV05TLmRhdGFPEQJ+AAAAAAJ+AAIAAAhDYWxsaW9wZQAAAAAAAAAAAAAAAAAAAAAAAADQ8xnTSCsAAAAR5g0fRmlvcmkgLSBQcmVkaWN0aW5nIHQjMTFFNjE4LnBkZgAAAAAAAAAAAAAAAAAAAAAAAAAAAAAAAAAAAAAAAAAAABHmGM6r9MUAAAAAAAAAAAABAAIAAAkgAAAAAAAAAAAAAAAAAAAABHJlZnMAEAAIAADQ8xnTAAAAEQAIAADOq/TFAAAAAQAgABHmDQAR5X4AEd/CABHYPQAQ0hkAEM0KABACPQAP9yUAAgBiQ2FsbGlvcGU6VXNlcnM6AGZjOgBEb2N1bWVudHM6AHByb2c6AHNyYzoAR2VuQWxnUG9seToAdGV4dHM6AHJlZnM6AEZpb3JpIC0gUHJlZGljdGluZyB0IzExRTYxOC5wZGYADgCUAEkARgBpAG8AcgBpACAALQAgAFAAcgBlAGQAaQBjAHQAaQBuAGcAIAB0AG8AcgBzAGkAbwBuAGEAbAAgAHMAdAByAGUAbgBnAHQAaAAgAG8AZgAgAFIAQwAgAGIAZQBhAG0AcwAgAGIAeQAgAHUAcwBpAG4AZwAgAEUAUABSACAAKAAyADAAMQAyACkALgBwAGQAZgAPABIACABDAGEAbABsAGkAbwBwAGUAEgB7VXNlcnMvZmMvRG9jdW1lbnRzL3Byb2cvc3JjL0dlbkFsZ1BvbHkvdGV4dHMvcmVmcy9GaW9yaSAtIFByZWRpY3RpbmcgdG9yc2lvbmFsIHN0cmVuZ3RoIG9mIFJDIGJlYW1zIGJ5IHVzaW5nIEVQUiAoMjAxMikucGRmAAATAAEvAAAVAAIACf//AACABtIbHB0eWiRjbGFzc25hbWVYJGNsYXNzZXNdTlNNdXRhYmxlRGF0YaMdHyBWTlNEYXRhWE5TT2JqZWN00hscIiNcTlNEaWN0aW9uYXJ5oiIgXxAPTlNLZXllZEFyY2hpdmVy0SYnVHJvb3SAAQAIABEAGgAjAC0AMgA3AEAARgBNAFUAYABnAGoAbABuAHEAcwB1AHcAhACOAOIA5wDvA3EDcwN4A4MDjAOaA54DpQOuA7MDwAPDA9UD2APdAAAAAAAAAgEAAAAAAAAAKAAAAAAAAAAAAAAAAAAAA98=}}

@article{Afzal:2011aa,
	Author = {Afzal, Wasif and Torkar, Richard},
	Date-Added = {2013-11-13 11:35:06 +0000},
	Date-Modified = {2013-11-13 14:40:27 +0000},
	Journal = {Expert Systems with Applications},
	Keywords = {GA, Review},
	Number = {9},
	Pages = {11984--11997},
	Publisher = {Elsevier},
	Title = {On the application of genetic programming for software engineering predictive modeling: A systematic review},
	Volume = {38},
	Year = {2011},
	Bdsk-File-1 = {YnBsaXN0MDDUAQIDBAUGJCVYJHZlcnNpb25YJG9iamVjdHNZJGFyY2hpdmVyVCR0b3ASAAGGoKgHCBMUFRYaIVUkbnVsbNMJCgsMDxJXTlMua2V5c1pOUy5vYmplY3RzViRjbGFzc6INDoACgAOiEBGABIAFgAdccmVsYXRpdmVQYXRoWWFsaWFzRGF0YV8QdS4uL3JlZnMvQWZ6YWwgLSBPbiB0aGUgYXBwbGljYXRpb24gb2YgR0EgZm9yIHNvZnR3YXJlIGVuZ2luZWVyaW5nIHByZWRpY3RpdmUgbW9kZWxpbmctIEEgc3lzdGVtYXRpYyByZXZpZXcgKDIwMTEpLnBkZtIXCxgZV05TLmRhdGFPEQLqAAAAAALqAAIAAAhDYWxsaW9wZQAAAAAAAAAAAAAAAAAAAAAAAADQ8xnTSCsAAAAR5g0fQWZ6YWwgLSBPbiB0aGUgYXBwbGkjMTFFNjEwLnBkZgAAAAAAAAAAAAAAAAAAAAAAAAAAAAAAAAAAAAAAAAAAABHmEM6r9MUAAAAAAAAAAAABAAIAAAkgAAAAAAAAAAAAAAAAAAAABHJlZnMAEAAIAADQ8xnTAAAAEQAIAADOq/TFAAAAAQAgABHmDQAR5X4AEd/CABHYPQAQ0hkAEM0KABACPQAP9yUAAgBiQ2FsbGlvcGU6VXNlcnM6AGZjOgBEb2N1bWVudHM6AHByb2c6AHNyYzoAR2VuQWxnUG9seToAdGV4dHM6AHJlZnM6AEFmemFsIC0gT24gdGhlIGFwcGxpIzExRTYxMC5wZGYADgDcAG0AQQBmAHoAYQBsACAALQAgAE8AbgAgAHQAaABlACAAYQBwAHAAbABpAGMAYQB0AGkAbwBuACAAbwBmACAARwBBACAAZgBvAHIAIABzAG8AZgB0AHcAYQByAGUAIABlAG4AZwBpAG4AZQBlAHIAaQBuAGcAIABwAHIAZQBkAGkAYwB0AGkAdgBlACAAbQBvAGQAZQBsAGkAbgBnAC0AIABBACAAcwB5AHMAdABlAG0AYQB0AGkAYwAgAHIAZQB2AGkAZQB3ACAAKAAyADAAMQAxACkALgBwAGQAZgAPABIACABDAGEAbABsAGkAbwBwAGUAEgCfVXNlcnMvZmMvRG9jdW1lbnRzL3Byb2cvc3JjL0dlbkFsZ1BvbHkvdGV4dHMvcmVmcy9BZnphbCAtIE9uIHRoZSBhcHBsaWNhdGlvbiBvZiBHQSBmb3Igc29mdHdhcmUgZW5naW5lZXJpbmcgcHJlZGljdGl2ZSBtb2RlbGluZy0gQSBzeXN0ZW1hdGljIHJldmlldyAoMjAxMSkucGRmAAATAAEvAAAVAAIACf//AACABtIbHB0eWiRjbGFzc25hbWVYJGNsYXNzZXNdTlNNdXRhYmxlRGF0YaMdHyBWTlNEYXRhWE5TT2JqZWN00hscIiNcTlNEaWN0aW9uYXJ5oiIgXxAPTlNLZXllZEFyY2hpdmVy0SYnVHJvb3SAAQAIABEAGgAjAC0AMgA3AEAARgBNAFUAYABnAGoAbABuAHEAcwB1AHcAhACOAQYBCwETBAEEAwQIBBMEHAQqBC4ENQQ+BEMEUARTBGUEaARtAAAAAAAAAgEAAAAAAAAAKAAAAAAAAAAAAAAAAAAABG8=}}

@inproceedings{Mugambi:2006aa,
	Author = {Mugambi, Ernest M and Hunter, Andrew},
	Booktitle = {Evolving Fuzzy Systems, 2006 International Symposium on},
	Date-Added = {2013-11-13 11:34:42 +0000},
	Date-Modified = {2013-11-13 14:46:30 +0000},
	Keywords = {GA, Application, MOGA},
	Organization = {IEEE},
	Pages = {176--181},
	Title = {Inducing comprehensibility in evolutionary polynomial-fuzzy classification models},
	Year = {2006},
	Bdsk-File-1 = {YnBsaXN0MDDUAQIDBAUGJCVYJHZlcnNpb25YJG9iamVjdHNZJGFyY2hpdmVyVCR0b3ASAAGGoKgHCBMUFRYaIVUkbnVsbNMJCgsMDxJXTlMua2V5c1pOUy5vYmplY3RzViRjbGFzc6INDoACgAOiEBGABIAFgAdccmVsYXRpdmVQYXRoWWFsaWFzRGF0YV8Qbi4uL3JlZnMvTXVnYW1iaSAtIEluZHVjaW5nIENvbXByZWhlbnNpYmlsaXR5IEluIEV2b2x1dGlvbmFyeSBQb2x5bm9taWFsLUZ1enp5IENsYXNzaWZpY2F0aW9uIE1vZGVscyAoMjAwNikucGRm0hcLGBlXTlMuZGF0YU8RAtQAAAAAAtQAAgAACENhbGxpb3BlAAAAAAAAAAAAAAAAAAAAAAAAANDzGdNIKwAAABHmDR9NdWdhbWJpIC0gSW5kdWNpbmcgQyMxMUU2MjAucGRmAAAAAAAAAAAAAAAAAAAAAAAAAAAAAAAAAAAAAAAAAAAAEeYgzqv0xQAAAAAAAAAAAAEAAgAACSAAAAAAAAAAAAAAAAAAAAAEcmVmcwAQAAgAANDzGdMAAAARAAgAAM6r9MUAAAABACAAEeYNABHlfgAR38IAEdg9ABDSGQAQzQoAEAI9AA/3JQACAGJDYWxsaW9wZTpVc2VyczoAZmM6AERvY3VtZW50czoAcHJvZzoAc3JjOgBHZW5BbGdQb2x5OgB0ZXh0czoAcmVmczoATXVnYW1iaSAtIEluZHVjaW5nIEMjMTFFNjIwLnBkZgAOAM4AZgBNAHUAZwBhAG0AYgBpACAALQAgAEkAbgBkAHUAYwBpAG4AZwAgAEMAbwBtAHAAcgBlAGgAZQBuAHMAaQBiAGkAbABpAHQAeQAgAEkAbgAgAEUAdgBvAGwAdQB0AGkAbwBuAGEAcgB5ACAAUABvAGwAeQBuAG8AbQBpAGEAbAAtAEYAdQB6AHoAeQAgAEMAbABhAHMAcwBpAGYAaQBjAGEAdABpAG8AbgAgAE0AbwBkAGUAbABzACAAKAAyADAAMAA2ACkALgBwAGQAZgAPABIACABDAGEAbABsAGkAbwBwAGUAEgCYVXNlcnMvZmMvRG9jdW1lbnRzL3Byb2cvc3JjL0dlbkFsZ1BvbHkvdGV4dHMvcmVmcy9NdWdhbWJpIC0gSW5kdWNpbmcgQ29tcHJlaGVuc2liaWxpdHkgSW4gRXZvbHV0aW9uYXJ5IFBvbHlub21pYWwtRnV6enkgQ2xhc3NpZmljYXRpb24gTW9kZWxzICgyMDA2KS5wZGYAEwABLwAAFQACAAn//wAAgAbSGxwdHlokY2xhc3NuYW1lWCRjbGFzc2VzXU5TTXV0YWJsZURhdGGjHR8gVk5TRGF0YVhOU09iamVjdNIbHCIjXE5TRGljdGlvbmFyeaIiIF8QD05TS2V5ZWRBcmNoaXZlctEmJ1Ryb290gAEACAARABoAIwAtADIANwBAAEYATQBVAGAAZwBqAGwAbgBxAHMAdQB3AIQAjgD/AQQBDAPkA+YD6wP2A/8EDQQRBBgEIQQmBDMENgRIBEsEUAAAAAAAAAIBAAAAAAAAACgAAAAAAAAAAAAAAAAAAARS}}

@article{Sette:2001aa,
	Author = {Sette, Stefan and Boullart, Luc},
	Date-Added = {2013-11-13 11:34:16 +0000},
	Date-Modified = {2013-11-13 14:37:54 +0000},
	Journal = {Engineering Applications of Artificial Intelligence},
	Keywords = {GA, Application},
	Number = {6},
	Pages = {727--736},
	Publisher = {Elsevier},
	Title = {Genetic programming: principles and applications},
	Volume = {14},
	Year = {2001},
	Bdsk-File-1 = {YnBsaXN0MDDUAQIDBAUGJCVYJHZlcnNpb25YJG9iamVjdHNZJGFyY2hpdmVyVCR0b3ASAAGGoKgHCBMUFRYaIVUkbnVsbNMJCgsMDxJXTlMua2V5c1pOUy5vYmplY3RzViRjbGFzc6INDoACgAOiEBGABIAFgAdccmVsYXRpdmVQYXRoWWFsaWFzRGF0YV8QSy4uL3JlZnMvU2V0dGUgLSBHZW5ldGljIHByb2dyYW1taW5nLSBwcmluY2lwbGVzIGFuZCBhcHBsaWNhdGlvbnMgKDIwMDEpLnBkZtIXCxgZV05TLmRhdGFPEQJsAAAAAAJsAAIAAAhDYWxsaW9wZQAAAAAAAAAAAAAAAAAAAAAAAADQ8xnTSCsAAAAR5g0fU2V0dGUgLSBHZW5ldGljIHByb2cjMTFFNjI4LnBkZgAAAAAAAAAAAAAAAAAAAAAAAAAAAAAAAAAAAAAAAAAAABHmKM6r9MUAAAAAAAAAAAABAAIAAAkgAAAAAAAAAAAAAAAAAAAABHJlZnMAEAAIAADQ8xnTAAAAEQAIAADOq/TFAAAAAQAgABHmDQAR5X4AEd/CABHYPQAQ0hkAEM0KABACPQAP9yUAAgBiQ2FsbGlvcGU6VXNlcnM6AGZjOgBEb2N1bWVudHM6AHByb2c6AHNyYzoAR2VuQWxnUG9seToAdGV4dHM6AHJlZnM6AFNldHRlIC0gR2VuZXRpYyBwcm9nIzExRTYyOC5wZGYADgCIAEMAUwBlAHQAdABlACAALQAgAEcAZQBuAGUAdABpAGMAIABwAHIAbwBnAHIAYQBtAG0AaQBuAGcALQAgAHAAcgBpAG4AYwBpAHAAbABlAHMAIABhAG4AZAAgAGEAcABwAGwAaQBjAGEAdABpAG8AbgBzACAAKAAyADAAMAAxACkALgBwAGQAZgAPABIACABDAGEAbABsAGkAbwBwAGUAEgB1VXNlcnMvZmMvRG9jdW1lbnRzL3Byb2cvc3JjL0dlbkFsZ1BvbHkvdGV4dHMvcmVmcy9TZXR0ZSAtIEdlbmV0aWMgcHJvZ3JhbW1pbmctIHByaW5jaXBsZXMgYW5kIGFwcGxpY2F0aW9ucyAoMjAwMSkucGRmAAATAAEvAAAVAAIACf//AACABtIbHB0eWiRjbGFzc25hbWVYJGNsYXNzZXNdTlNNdXRhYmxlRGF0YaMdHyBWTlNEYXRhWE5TT2JqZWN00hscIiNcTlNEaWN0aW9uYXJ5oiIgXxAPTlNLZXllZEFyY2hpdmVy0SYnVHJvb3SAAQAIABEAGgAjAC0AMgA3AEAARgBNAFUAYABnAGoAbABuAHEAcwB1AHcAhACOANwA4QDpA1kDWwNgA2sDdAOCA4YDjQOWA5sDqAOrA70DwAPFAAAAAAAAAgEAAAAAAAAAKAAAAAAAAAAAAAAAAAAAA8c=}}

@article{Ghai:2013aa,
	Author = {Ghai, Dhruva and Mohanty, Saraju P and Thakral, Garima},
	Date-Added = {2013-11-13 11:33:04 +0000},
	Date-Modified = {2013-11-13 14:37:27 +0000},
	Journal = {Microelectronics Journal},
	Keywords = {GA, Application},
	Publisher = {Elsevier},
	Title = {Fast optimization of nano-CMOS voltage-controlled oscillator using polynomial regression and genetic algorithm},
	Year = {2013},
	Bdsk-File-1 = {YnBsaXN0MDDUAQIDBAUGJCVYJHZlcnNpb25YJG9iamVjdHNZJGFyY2hpdmVyVCR0b3ASAAGGoKgHCBMUFRYaIVUkbnVsbNMJCgsMDxJXTlMua2V5c1pOUy5vYmplY3RzViRjbGFzc6INDoACgAOiEBGABIAFgAdccmVsYXRpdmVQYXRoWWFsaWFzRGF0YV8QZS4uL3JlZnMvR2hhaSAtIEZhc3Qgb3B0aW1pemF0aW9uIG9mIG5hbm8tQ01PUyB2b2x0YWdlLWNvbnRyb2xsZWQgb3NjaWxsYXRvciB1c2luZyBFUFIgJiBHQSAoMjAxMykucGRm0hcLGBlXTlMuZGF0YU8RAroAAAAAAroAAgAACENhbGxpb3BlAAAAAAAAAAAAAAAAAAAAAAAAANDzGdNIKwAAABHmDR9HaGFpIC0gRmFzdCBvcHRpbWl6YSMxMUU2MTkucGRmAAAAAAAAAAAAAAAAAAAAAAAAAAAAAAAAAAAAAAAAAAAAEeYZzqv0xQAAAAAAAAAAAAEAAgAACSAAAAAAAAAAAAAAAAAAAAAEcmVmcwAQAAgAANDzGdMAAAARAAgAAM6r9MUAAAABACAAEeYNABHlfgAR38IAEdg9ABDSGQAQzQoAEAI9AA/3JQACAGJDYWxsaW9wZTpVc2VyczoAZmM6AERvY3VtZW50czoAcHJvZzoAc3JjOgBHZW5BbGdQb2x5OgB0ZXh0czoAcmVmczoAR2hhaSAtIEZhc3Qgb3B0aW1pemEjMTFFNjE5LnBkZgAOALwAXQBHAGgAYQBpACAALQAgAEYAYQBzAHQAIABvAHAAdABpAG0AaQB6AGEAdABpAG8AbgAgAG8AZgAgAG4AYQBuAG8ALQBDAE0ATwBTACAAdgBvAGwAdABhAGcAZQAtAGMAbwBuAHQAcgBvAGwAbABlAGQAIABvAHMAYwBpAGwAbABhAHQAbwByACAAdQBzAGkAbgBnACAARQBQAFIAIAAmACAARwBBACAAKAAyADAAMQAzACkALgBwAGQAZgAPABIACABDAGEAbABsAGkAbwBwAGUAEgCPVXNlcnMvZmMvRG9jdW1lbnRzL3Byb2cvc3JjL0dlbkFsZ1BvbHkvdGV4dHMvcmVmcy9HaGFpIC0gRmFzdCBvcHRpbWl6YXRpb24gb2YgbmFuby1DTU9TIHZvbHRhZ2UtY29udHJvbGxlZCBvc2NpbGxhdG9yIHVzaW5nIEVQUiAmIEdBICgyMDEzKS5wZGYAABMAAS8AABUAAgAJ//8AAIAG0hscHR5aJGNsYXNzbmFtZVgkY2xhc3Nlc11OU011dGFibGVEYXRhox0fIFZOU0RhdGFYTlNPYmplY3TSGxwiI1xOU0RpY3Rpb25hcnmiIiBfEA9OU0tleWVkQXJjaGl2ZXLRJidUcm9vdIABAAgAEQAaACMALQAyADcAQABGAE0AVQBgAGcAagBsAG4AcQBzAHUAdwCEAI4A9gD7AQMDwQPDA8gD0wPcA+oD7gP1A/4EAwQQBBMEJQQoBC0AAAAAAAACAQAAAAAAAAAoAAAAAAAAAAAAAAAAAAAELw==}}

@article{Doglioni:2012aa,
	Author = {Doglioni, Angelo and Fiorillo, Francesco and Guadagno, Francesco M and Simeone, Vincenzo},
	Date-Added = {2013-11-13 11:32:33 +0000},
	Date-Modified = {2013-11-13 14:35:47 +0000},
	Journal = {Landslides},
	Keywords = {EPR, Application},
	Number = {1},
	Pages = {53--62},
	Publisher = {Springer},
	Title = {Evolutionary polynomial regression to alert rainfall-triggered landslide reactivation},
	Volume = {9},
	Year = {2012},
	Bdsk-File-1 = {YnBsaXN0MDDUAQIDBAUGJCVYJHZlcnNpb25YJG9iamVjdHNZJGFyY2hpdmVyVCR0b3ASAAGGoKgHCBMUFRYaIVUkbnVsbNMJCgsMDxJXTlMua2V5c1pOUy5vYmplY3RzViRjbGFzc6INDoACgAOiEBGABIAFgAdccmVsYXRpdmVQYXRoWWFsaWFzRGF0YV8QVC4uL3JlZnMvRG9nbGlvbmkgLSBFUFIgdG8gYWxlcnQgcmFpbmZhbGwtdHJpZ2dlcmVkIGxhbmRzbGlkZSByZWFjdGl2YXRpb24gKDIwMTIpLnBkZtIXCxgZV05TLmRhdGFPEQKGAAAAAAKGAAIAAAhDYWxsaW9wZQAAAAAAAAAAAAAAAAAAAAAAAADQ8xnTSCsAAAAR5g0fRG9nbGlvbmkgLSBFUFIgdG8gYWwjMTFFNjE1LnBkZgAAAAAAAAAAAAAAAAAAAAAAAAAAAAAAAAAAAAAAAAAAABHmFc6r9MUAAAAAAAAAAAABAAIAAAkgAAAAAAAAAAAAAAAAAAAABHJlZnMAEAAIAADQ8xnTAAAAEQAIAADOq/TFAAAAAQAgABHmDQAR5X4AEd/CABHYPQAQ0hkAEM0KABACPQAP9yUAAgBiQ2FsbGlvcGU6VXNlcnM6AGZjOgBEb2N1bWVudHM6AHByb2c6AHNyYzoAR2VuQWxnUG9seToAdGV4dHM6AHJlZnM6AERvZ2xpb25pIC0gRVBSIHRvIGFsIzExRTYxNS5wZGYADgCaAEwARABvAGcAbABpAG8AbgBpACAALQAgAEUAUABSACAAdABvACAAYQBsAGUAcgB0ACAAcgBhAGkAbgBmAGEAbABsAC0AdAByAGkAZwBnAGUAcgBlAGQAIABsAGEAbgBkAHMAbABpAGQAZQAgAHIAZQBhAGMAdABpAHYAYQB0AGkAbwBuACAAKAAyADAAMQAyACkALgBwAGQAZgAPABIACABDAGEAbABsAGkAbwBwAGUAEgB+VXNlcnMvZmMvRG9jdW1lbnRzL3Byb2cvc3JjL0dlbkFsZ1BvbHkvdGV4dHMvcmVmcy9Eb2dsaW9uaSAtIEVQUiB0byBhbGVydCByYWluZmFsbC10cmlnZ2VyZWQgbGFuZHNsaWRlIHJlYWN0aXZhdGlvbiAoMjAxMikucGRmABMAAS8AABUAAgAJ//8AAIAG0hscHR5aJGNsYXNzbmFtZVgkY2xhc3Nlc11OU011dGFibGVEYXRhox0fIFZOU0RhdGFYTlNPYmplY3TSGxwiI1xOU0RpY3Rpb25hcnmiIiBfEA9OU0tleWVkQXJjaGl2ZXLRJidUcm9vdIABAAgAEQAaACMALQAyADcAQABGAE0AVQBgAGcAagBsAG4AcQBzAHUAdwCEAI4A5QDqAPIDfAN+A4MDjgOXA6UDqQOwA7kDvgPLA84D4APjA+gAAAAAAAACAQAAAAAAAAAoAAAAAAAAAAAAAAAAAAAD6g==}}

@article{Ustun:2005aa,
	Author = {{\"U}st{\"u}n, B and Melssen, WJ and Oudenhuijzen, M and Buydens, LMC},
	Date-Added = {2013-11-13 11:32:09 +0000},
	Date-Modified = {2013-11-13 14:33:58 +0000},
	Journal = {Analytica Chimica Acta},
	Keywords = {SVR, GA, Application},
	Number = {1},
	Pages = {292--305},
	Publisher = {Elsevier},
	Title = {Determination of optimal support vector regression parameters by genetic algorithms and simplex optimization},
	Volume = {544},
	Year = {2005},
	Bdsk-File-1 = {YnBsaXN0MDDUAQIDBAUGJCVYJHZlcnNpb25YJG9iamVjdHNZJGFyY2hpdmVyVCR0b3ASAAGGoKgHCBMUFRYaIVUkbnVsbNMJCgsMDxJXTlMua2V5c1pOUy5vYmplY3RzViRjbGFzc6INDoACgAOiEBGABIAFgAdccmVsYXRpdmVQYXRoWWFsaWFzRGF0YV8QXy4uL3JlZnMvVXN0dW4gLSBEZXRlcm1pbmF0aW9uIG9mIG9wdGltYWwgU1ZSIHBhcmFtZXRlcnMgYnkgR0EgJiBzaW1wbGV4IG9wdGltaXphdGlvbiAoMjAwNSkucGRm0hcLGBlXTlMuZGF0YU8RAqgAAAAAAqgAAgAACENhbGxpb3BlAAAAAAAAAAAAAAAAAAAAAAAAANDzGdNIKwAAABHmDR9Vc3R1biAtIERldGVybWluYXRpbyMxMUU2MkMucGRmAAAAAAAAAAAAAAAAAAAAAAAAAAAAAAAAAAAAAAAAAAAAEeYszqv0xQAAAAAAAAAAAAEAAgAACSAAAAAAAAAAAAAAAAAAAAAEcmVmcwAQAAgAANDzGdMAAAARAAgAAM6r9MUAAAABACAAEeYNABHlfgAR38IAEdg9ABDSGQAQzQoAEAI9AA/3JQACAGJDYWxsaW9wZTpVc2VyczoAZmM6AERvY3VtZW50czoAcHJvZzoAc3JjOgBHZW5BbGdQb2x5OgB0ZXh0czoAcmVmczoAVXN0dW4gLSBEZXRlcm1pbmF0aW8jMTFFNjJDLnBkZgAOALAAVwBVAHMAdAB1AG4AIAAtACAARABlAHQAZQByAG0AaQBuAGEAdABpAG8AbgAgAG8AZgAgAG8AcAB0AGkAbQBhAGwAIABTAFYAUgAgAHAAYQByAGEAbQBlAHQAZQByAHMAIABiAHkAIABHAEEAIAAmACAAcwBpAG0AcABsAGUAeAAgAG8AcAB0AGkAbQBpAHoAYQB0AGkAbwBuACAAKAAyADAAMAA1ACkALgBwAGQAZgAPABIACABDAGEAbABsAGkAbwBwAGUAEgCJVXNlcnMvZmMvRG9jdW1lbnRzL3Byb2cvc3JjL0dlbkFsZ1BvbHkvdGV4dHMvcmVmcy9Vc3R1biAtIERldGVybWluYXRpb24gb2Ygb3B0aW1hbCBTVlIgcGFyYW1ldGVycyBieSBHQSAmIHNpbXBsZXggb3B0aW1pemF0aW9uICgyMDA1KS5wZGYAABMAAS8AABUAAgAJ//8AAIAG0hscHR5aJGNsYXNzbmFtZVgkY2xhc3Nlc11OU011dGFibGVEYXRhox0fIFZOU0RhdGFYTlNPYmplY3TSGxwiI1xOU0RpY3Rpb25hcnmiIiBfEA9OU0tleWVkQXJjaGl2ZXLRJidUcm9vdIABAAgAEQAaACMALQAyADcAQABGAE0AVQBgAGcAagBsAG4AcQBzAHUAdwCEAI4A8AD1AP0DqQOrA7ADuwPEA9ID1gPdA+YD6wP4A/sEDQQQBBUAAAAAAAACAQAAAAAAAAAoAAAAAAAAAAAAAAAAAAAEFw==}}

@article{Giustolisi:2009aa,
	Author = {Giustolisi, O and Savic, D},
	Date-Added = {2013-11-13 11:31:26 +0000},
	Date-Modified = {2013-11-13 14:33:20 +0000},
	Journal = {Journal of Hydroinformatics},
	Keywords = {EPR, MOGA, Application},
	Number = {3-4},
	Pages = {225--236},
	Title = {Advances in data-driven analyses and modelling using EPR-MOGA},
	Volume = {11},
	Year = {2009},
	Bdsk-File-1 = {YnBsaXN0MDDUAQIDBAUGJCVYJHZlcnNpb25YJG9iamVjdHNZJGFyY2hpdmVyVCR0b3ASAAGGoKgHCBMUFRYaIVUkbnVsbNMJCgsMDxJXTlMua2V5c1pOUy5vYmplY3RzViRjbGFzc6INDoACgAOiEBGABIAFgAdccmVsYXRpdmVQYXRoWWFsaWFzRGF0YV8QXS4uL3JlZnMvR2l1c3RvbGlzaSAtIEFkdmFuY2VzIGluIGRhdGEtZHJpdmVuIGFuYWx5c2VzIGFuZCBtb2RlbGxpbmcgdXNpbmcgRVBSLU1PR0EgKDIwMDkpLnBkZtIXCxgZV05TLmRhdGFPEQKiAAAAAAKiAAIAAAhDYWxsaW9wZQAAAAAAAAAAAAAAAAAAAAAAAADQ8xnTSCsAAAAR5g0fR2l1c3RvbGlzaSAtIEFkdmFuY2UjMTFFNjFBLnBkZgAAAAAAAAAAAAAAAAAAAAAAAAAAAAAAAAAAAAAAAAAAABHmGs6r9MUAAAAAAAAAAAABAAIAAAkgAAAAAAAAAAAAAAAAAAAABHJlZnMAEAAIAADQ8xnTAAAAEQAIAADOq/TFAAAAAQAgABHmDQAR5X4AEd/CABHYPQAQ0hkAEM0KABACPQAP9yUAAgBiQ2FsbGlvcGU6VXNlcnM6AGZjOgBEb2N1bWVudHM6AHByb2c6AHNyYzoAR2VuQWxnUG9seToAdGV4dHM6AHJlZnM6AEdpdXN0b2xpc2kgLSBBZHZhbmNlIzExRTYxQS5wZGYADgCsAFUARwBpAHUAcwB0AG8AbABpAHMAaQAgAC0AIABBAGQAdgBhAG4AYwBlAHMAIABpAG4AIABkAGEAdABhAC0AZAByAGkAdgBlAG4AIABhAG4AYQBsAHkAcwBlAHMAIABhAG4AZAAgAG0AbwBkAGUAbABsAGkAbgBnACAAdQBzAGkAbgBnACAARQBQAFIALQBNAE8ARwBBACAAKAAyADAAMAA5ACkALgBwAGQAZgAPABIACABDAGEAbABsAGkAbwBwAGUAEgCHVXNlcnMvZmMvRG9jdW1lbnRzL3Byb2cvc3JjL0dlbkFsZ1BvbHkvdGV4dHMvcmVmcy9HaXVzdG9saXNpIC0gQWR2YW5jZXMgaW4gZGF0YS1kcml2ZW4gYW5hbHlzZXMgYW5kIG1vZGVsbGluZyB1c2luZyBFUFItTU9HQSAoMjAwOSkucGRmAAATAAEvAAAVAAIACf//AACABtIbHB0eWiRjbGFzc25hbWVYJGNsYXNzZXNdTlNNdXRhYmxlRGF0YaMdHyBWTlNEYXRhWE5TT2JqZWN00hscIiNcTlNEaWN0aW9uYXJ5oiIgXxAPTlNLZXllZEFyY2hpdmVy0SYnVHJvb3SAAQAIABEAGgAjAC0AMgA3AEAARgBNAFUAYABnAGoAbABuAHEAcwB1AHcAhACOAO4A8wD7A6EDowOoA7MDvAPKA84D1QPeA+MD8APzBAUECAQNAAAAAAAAAgEAAAAAAAAAKAAAAAAAAAAAAAAAAAAABA8=}}

@article{Ho:2012aa,
	Author = {Ho, SL and Yang, Shiyou},
	Date-Added = {2013-11-13 11:30:13 +0000},
	Date-Modified = {2013-11-13 14:29:53 +0000},
	Journal = {Magnetics, IEEE Transactions on},
	Keywords = {GA},
	Number = {2},
	Pages = {259--262},
	Publisher = {IEEE},
	Title = {A fast robust optimization methodology based on polynomial chaos and evolutionary algorithm for inverse problems},
	Volume = {48},
	Year = {2012},
	Bdsk-File-1 = {YnBsaXN0MDDUAQIDBAUGJCVYJHZlcnNpb25YJG9iamVjdHNZJGFyY2hpdmVyVCR0b3ASAAGGoKgHCBMUFRYaIVUkbnVsbNMJCgsMDxJXTlMua2V5c1pOUy5vYmplY3RzViRjbGFzc6INDoACgAOiEBGABIAFgAdccmVsYXRpdmVQYXRoWWFsaWFzRGF0YV8QiC4uL3JlZnMvSG8gLSBBIEZhc3QgUm9idXN0IE9wdGltaXphdGlvbiBNZXRob2RvbG9neSBCYXNlZCBvbiBQb2x5bm9taWFsIENoYW9zIGFuZCBFdm9sdXRpb25hcnkgQWxnb3JpdGhtIGZvciBJbnZlcnNlIFByb2JsZW1zICgyMDEyKS5wZGbSFwsYGVdOUy5kYXRhTxEDIgAAAAADIgACAAAIQ2FsbGlvcGUAAAAAAAAAAAAAAAAAAAAAAAAA0PMZ00grAAAAEeYNH0hvIC0gQSBGYXN0IFJvYnVzdCBPIzExRTYxQy5wZGYAAAAAAAAAAAAAAAAAAAAAAAAAAAAAAAAAAAAAAAAAAAAR5hzOq/TFAAAAAAAAAAAAAQACAAAJIAAAAAAAAAAAAAAAAAAAAARyZWZzABAACAAA0PMZ0wAAABEACAAAzqv0xQAAAAEAIAAR5g0AEeV+ABHfwgAR2D0AENIZABDNCgAQAj0AD/clAAIAYkNhbGxpb3BlOlVzZXJzOgBmYzoARG9jdW1lbnRzOgBwcm9nOgBzcmM6AEdlbkFsZ1BvbHk6AHRleHRzOgByZWZzOgBIbyAtIEEgRmFzdCBSb2J1c3QgTyMxMUU2MUMucGRmAA4BAgCAAEgAbwAgAC0AIABBACAARgBhAHMAdAAgAFIAbwBiAHUAcwB0ACAATwBwAHQAaQBtAGkAegBhAHQAaQBvAG4AIABNAGUAdABoAG8AZABvAGwAbwBnAHkAIABCAGEAcwBlAGQAIABvAG4AIABQAG8AbAB5AG4AbwBtAGkAYQBsACAAQwBoAGEAbwBzACAAYQBuAGQAIABFAHYAbwBsAHUAdABpAG8AbgBhAHIAeQAgAEEAbABnAG8AcgBpAHQAaABtACAAZgBvAHIAIABJAG4AdgBlAHIAcwBlACAAUAByAG8AYgBsAGUAbQBzACAAKAAyADAAMQAyACkALgBwAGQAZgAPABIACABDAGEAbABsAGkAbwBwAGUAEgCyVXNlcnMvZmMvRG9jdW1lbnRzL3Byb2cvc3JjL0dlbkFsZ1BvbHkvdGV4dHMvcmVmcy9IbyAtIEEgRmFzdCBSb2J1c3QgT3B0aW1pemF0aW9uIE1ldGhvZG9sb2d5IEJhc2VkIG9uIFBvbHlub21pYWwgQ2hhb3MgYW5kIEV2b2x1dGlvbmFyeSBBbGdvcml0aG0gZm9yIEludmVyc2UgUHJvYmxlbXMgKDIwMTIpLnBkZgATAAEvAAAVAAIACf//AACABtIbHB0eWiRjbGFzc25hbWVYJGNsYXNzZXNdTlNNdXRhYmxlRGF0YaMdHyBWTlNEYXRhWE5TT2JqZWN00hscIiNcTlNEaWN0aW9uYXJ5oiIgXxAPTlNLZXllZEFyY2hpdmVy0SYnVHJvb3SAAQAIABEAGgAjAC0AMgA3AEAARgBNAFUAYABnAGoAbABuAHEAcwB1AHcAhACOARkBHgEmBEwETgRTBF4EZwR1BHkEgASJBI4EmwSeBLAEswS4AAAAAAAAAgEAAAAAAAAAKAAAAAAAAAAAAAAAAAAABLo=}}

@article{Hamdan:2011aa,
	Author = {Hamdan, Mohammad},
	Bibsource = {DBLP, http://dblp.uni-trier.de},
	Date-Added = {2013-11-13 11:29:17 +0000},
	Date-Modified = {2013-11-13 14:27:12 +0000},
	Journal = {International Journal on Artificial Intelligence Tools},
	Keywords = {EPR, MOGA},
	Number = {1},
	Pages = {209-219},
	Title = {A Dynamic Polynomial Mutation for Evolutionary Multi-Objective Optimization Algorithms},
	Volume = {20},
	Year = {2011},
	Bdsk-File-1 = {YnBsaXN0MDDUAQIDBAUGJCVYJHZlcnNpb25YJG9iamVjdHNZJGFyY2hpdmVyVCR0b3ASAAGGoKgHCBMUFRYaIVUkbnVsbNMJCgsMDxJXTlMua2V5c1pOUy5vYmplY3RzViRjbGFzc6INDoACgAOiEBGABIAFgAdccmVsYXRpdmVQYXRoWWFsaWFzRGF0YV8QQi4uL3JlZnMvSGFtZGFuIC0gRHluYW1pY2FsIFBvbHlub21pYWwgTXV0YXRpb24gZm9yIFNPTUEgKDIwMTApLnBkZtIXCxgZV05TLmRhdGFPEQJQAAAAAAJQAAIAAAhDYWxsaW9wZQAAAAAAAAAAAAAAAAAAAAAAAADQ8xnTSCsAAAAR5g0fSGFtZGFuIC0gRHluYW1pY2FsIFAjMTFFNjFCLnBkZgAAAAAAAAAAAAAAAAAAAAAAAAAAAAAAAAAAAAAAAAAAABHmG86r9MUAAAAAAAAAAAABAAIAAAkgAAAAAAAAAAAAAAAAAAAABHJlZnMAEAAIAADQ8xnTAAAAEQAIAADOq/TFAAAAAQAgABHmDQAR5X4AEd/CABHYPQAQ0hkAEM0KABACPQAP9yUAAgBiQ2FsbGlvcGU6VXNlcnM6AGZjOgBEb2N1bWVudHM6AHByb2c6AHNyYzoAR2VuQWxnUG9seToAdGV4dHM6AHJlZnM6AEhhbWRhbiAtIER5bmFtaWNhbCBQIzExRTYxQi5wZGYADgB2ADoASABhAG0AZABhAG4AIAAtACAARAB5AG4AYQBtAGkAYwBhAGwAIABQAG8AbAB5AG4AbwBtAGkAYQBsACAATQB1AHQAYQB0AGkAbwBuACAAZgBvAHIAIABTAE8ATQBBACAAKAAyADAAMQAwACkALgBwAGQAZgAPABIACABDAGEAbABsAGkAbwBwAGUAEgBsVXNlcnMvZmMvRG9jdW1lbnRzL3Byb2cvc3JjL0dlbkFsZ1BvbHkvdGV4dHMvcmVmcy9IYW1kYW4gLSBEeW5hbWljYWwgUG9seW5vbWlhbCBNdXRhdGlvbiBmb3IgU09NQSAoMjAxMCkucGRmABMAAS8AABUAAgAJ//8AAIAG0hscHR5aJGNsYXNzbmFtZVgkY2xhc3Nlc11OU011dGFibGVEYXRhox0fIFZOU0RhdGFYTlNPYmplY3TSGxwiI1xOU0RpY3Rpb25hcnmiIiBfEA9OU0tleWVkQXJjaGl2ZXLRJidUcm9vdIABAAgAEQAaACMALQAyADcAQABGAE0AVQBgAGcAagBsAG4AcQBzAHUAdwCEAI4A0wDYAOADNAM2AzsDRgNPA10DYQNoA3EDdgODA4YDmAObA6AAAAAAAAACAQAAAAAAAAAoAAAAAAAAAAAAAAAAAAADog==},
	Bdsk-Url-1 = {http://dx.doi.org/10.1142/S0218213011000097}}

@article{Bao:2013aa,
	Author = {Bao, Yukun and Hu, Zhongyi and Xiong, Tao},
	Bibsource = {DBLP, http://dblp.uni-trier.de},
	Date-Added = {2013-11-13 11:28:44 +0000},
	Date-Modified = {2013-11-13 14:32:44 +0000},
	Journal = {Neurocomputing},
	Keywords = {SVM, MA, PSO, SVC},
	Pages = {98-106},
	Title = {A PSO and pattern search based memetic algorithm for SVMs parameters optimization},
	Volume = {117},
	Year = {2013},
	Bdsk-File-1 = {YnBsaXN0MDDUAQIDBAUGJCVYJHZlcnNpb25YJG9iamVjdHNZJGFyY2hpdmVyVCR0b3ASAAGGoKgHCBMUFRYaIVUkbnVsbNMJCgsMDxJXTlMua2V5c1pOUy5vYmplY3RzViRjbGFzc6INDoACgAOiEBGABIAFgAdccmVsYXRpdmVQYXRoWWFsaWFzRGF0YV8QaC4uL3JlZnMvQmFvIC0gQSBQU08gJiBwYXR0ZXJuIHNlYXJjaCBiYXNlZCBtZW1ldGljIGFsZ29yaXRobSBmb3IgU1ZNcyBwYXJhbWV0ZXJzIG9wdGltaXphdGlvbiAoMjAxMykucGRm0hcLGBlXTlMuZGF0YU8RAsIAAAAAAsIAAgAACENhbGxpb3BlAAAAAAAAAAAAAAAAAAAAAAAAANDzGdNIKwAAABHmDR9CYW8gLSBBIFBTTyAmIHBhdHRlciMxMUU2MTEucGRmAAAAAAAAAAAAAAAAAAAAAAAAAAAAAAAAAAAAAAAAAAAAEeYRzqv0xQAAAAAAAAAAAAEAAgAACSAAAAAAAAAAAAAAAAAAAAAEcmVmcwAQAAgAANDzGdMAAAARAAgAAM6r9MUAAAABACAAEeYNABHlfgAR38IAEdg9ABDSGQAQzQoAEAI9AA/3JQACAGJDYWxsaW9wZTpVc2VyczoAZmM6AERvY3VtZW50czoAcHJvZzoAc3JjOgBHZW5BbGdQb2x5OgB0ZXh0czoAcmVmczoAQmFvIC0gQSBQU08gJiBwYXR0ZXIjMTFFNjExLnBkZgAOAMIAYABCAGEAbwAgAC0AIABBACAAUABTAE8AIAAmACAAcABhAHQAdABlAHIAbgAgAHMAZQBhAHIAYwBoACAAYgBhAHMAZQBkACAAbQBlAG0AZQB0AGkAYwAgAGEAbABnAG8AcgBpAHQAaABtACAAZgBvAHIAIABTAFYATQBzACAAcABhAHIAYQBtAGUAdABlAHIAcwAgAG8AcAB0AGkAbQBpAHoAYQB0AGkAbwBuACAAKAAyADAAMQAzACkALgBwAGQAZgAPABIACABDAGEAbABsAGkAbwBwAGUAEgCSVXNlcnMvZmMvRG9jdW1lbnRzL3Byb2cvc3JjL0dlbkFsZ1BvbHkvdGV4dHMvcmVmcy9CYW8gLSBBIFBTTyAmIHBhdHRlcm4gc2VhcmNoIGJhc2VkIG1lbWV0aWMgYWxnb3JpdGhtIGZvciBTVk1zIHBhcmFtZXRlcnMgb3B0aW1pemF0aW9uICgyMDEzKS5wZGYAEwABLwAAFQACAAn//wAAgAbSGxwdHlokY2xhc3NuYW1lWCRjbGFzc2VzXU5TTXV0YWJsZURhdGGjHR8gVk5TRGF0YVhOU09iamVjdNIbHCIjXE5TRGljdGlvbmFyeaIiIF8QD05TS2V5ZWRBcmNoaXZlctEmJ1Ryb290gAEACAARABoAIwAtADIANwBAAEYATQBVAGAAZwBqAGwAbgBxAHMAdQB3AIQAjgD5AP4BBgPMA84D0wPeA+cD9QP5BAAECQQOBBsEHgQwBDMEOAAAAAAAAAIBAAAAAAAAACgAAAAAAAAAAAAAAAAAAAQ6},
	Bdsk-Url-1 = {http://dx.doi.org/10.1016/j.neucom.2013.01.027}}

@unpublished{Willighagen:2012aa,
	Author = {Willighagen, Egon},
	Date-Added = {2013-07-23 13:50:49 +0000},
	Date-Modified = {2013-11-20 15:22:46 +0000},
	Keywords = {R, GA, Application},
	Title = {genalg: R Based Genetic Algorithm},
	Year = {2012}}

@article{Tarlow:2013fk,
	Author = {Tarlow, Daniel and Sutskever, Ilya and Zemel, Richard S},
	Date-Added = {2013-07-17 09:30:38 +0000},
	Date-Modified = {2013-11-13 11:40:00 +0000},
	Journal = {Journal of Machine Learning Research},
	Title = {Stochastic k-Neighborhood Selection for Supervised and Unsupervised Learning},
	Year = {2013}}

@article{Barricelli:1962aa,
	Author = {Barricelli, Nils Aall},
	Date-Added = {2013-07-17 09:15:42 +0000},
	Date-Modified = {2013-11-13 11:40:00 +0000},
	Journal = {Acta Biotheoretica},
	Number = {1-2},
	Pages = {69--98},
	Title = {Numerical testing of evolution theories. Part I: Theoretical introduction and basic tests},
	Volume = {16},
	Year = {1962}}

@book{Koza:1992aa,
	Author = {Koza, John R},
	Date-Added = {2013-07-17 09:15:21 +0000},
	Date-Modified = {2013-11-13 11:40:00 +0000},
	Publisher = {MIT press},
	Title = {Genetic Programming: vol. 1, On the programming of computers by means of natural selection},
	Volume = {1},
	Year = {1992}}

@article{Bengio:2009aa,
	Author = {Bengio, Yoshua},
	Date-Added = {2013-07-17 09:15:02 +0000},
	Date-Modified = {2013-11-20 15:23:07 +0000},
	Journal = {Foundations and trends in Machine Learning},
	Keywords = {Deep Learning, ANN},
	Number = {1},
	Pages = {1--127},
	Publisher = {Now Publishers Inc.},
	Title = {Learning deep architectures for {AI}},
	Volume = {2},
	Year = {2009}}

@article{Bengio:2013aa,
	Author = {Bengio, Yoshua and Courville, Aaron and Vincent, Pascal},
	Date-Added = {2013-07-17 09:14:47 +0000},
	Date-Modified = {2013-11-20 15:23:55 +0000},
	Keywords = {Deep Learning, Review, ANN},
	Publisher = {IEEE},
	Title = {Representation learning: A review and new perspectives},
	Year = {2013}}

@book{Holland:1975aa,
	Author = {Holland, John H},
	Date-Added = {2013-07-17 09:14:28 +0000},
	Date-Modified = {2013-11-20 15:20:20 +0000},
	Keywords = {GA, Application},
	Publisher = {U Michigan Press},
	Title = {Adaptation in natural and artificial systems: An introductory analysis with applications to biology, control, and artificial intelligence.},
	Year = {1975}}

@article{Sanchez:2009aa,
	Author = {S{\'a}nchez, Luciano and Otero, Jos{\'e} and Couso, In{\'e}s},
	Date-Added = {2013-07-17 09:14:01 +0000},
	Date-Modified = {2013-11-13 11:40:00 +0000},
	Journal = {Soft Computing},
	Number = {5},
	Pages = {467--479},
	Publisher = {Springer},
	Title = {Obtaining linguistic fuzzy rule-based regression models from imprecise data with multiobjective genetic algorithms},
	Volume = {13},
	Year = {2009}}

@article{Garcia-Nieto:2013aa,
	Author = {Garc{\'\i}a Nieto, Paulino Jos{\'e} and Alonso Fern{\'a}ndez, JR and de Cos Juez, FJ and S{\'a}nchez Lasheras, Fernando and D{\'\i}az Mu{\~n}iz, C},
	Date-Added = {2013-07-17 09:13:44 +0000},
	Date-Modified = {2013-11-13 11:40:00 +0000},
	Journal = {Environmental research},
	Publisher = {Elsevier},
	Title = {Hybrid modelling based on support vector regression with genetic algorithms in forecasting the cyanotoxins presence in the Trasona reservoir (Northern Spain)},
	Year = {2013}}

@incollection{Chan:2012aa,
	Author = {Chan, Kit Yan and Kwong, CK and Dillon, Tharam S},
	Booktitle = {Computational Intelligence Techniques for New Product Design},
	Date-Added = {2013-07-17 09:13:29 +0000},
	Date-Modified = {2013-11-20 15:20:20 +0000},
	Keywords = {GA, Application},
	Pages = {111--128},
	Publisher = {Springer},
	Title = {Development of Product Design Models Using Fuzzy Regression Based Genetic Programming},
	Year = {2012}}

@article{Galvez:2012aa,
	Author = {G{\'a}lvez, Akemi and Iglesias, Andr{\'e}s and Puig-Pey, Jaime},
	Date-Added = {2013-07-17 09:13:12 +0000},
	Date-Modified = {2013-11-13 11:40:00 +0000},
	Journal = {Information Sciences},
	Number = {1},
	Pages = {56--76},
	Publisher = {Elsevier},
	Title = {Iterative two-step genetic-algorithm-based method for efficient polynomial B-spline surface reconstruction},
	Volume = {182},
	Year = {2012}}

@article{Chan:2011aa,
	Author = {Chan, Kit Yan and Dillon, Tharam S and Kwong, Che Kit},
	Date-Added = {2013-07-17 09:12:44 +0000},
	Date-Modified = {2013-11-13 11:40:00 +0000},
	Journal = {Industrial Informatics, IEEE Transactions on},
	Number = {1},
	Pages = {148--158},
	Publisher = {IEEE},
	Title = {Modeling of a liquid epoxy molding process using a particle swarm optimization-based fuzzy regression approach},
	Volume = {7},
	Year = {2011}}

@article{Csefalvayova:2010aa,
	Author = {Cs{\'e}falvayov{\'a}, L and Pelikan, M and Kralj Cigi{\'c}, I and Kolar, J and Strli{\v{c}}, M},
	Date-Added = {2013-07-17 09:12:23 +0000},
	Date-Modified = {2013-11-20 15:24:51 +0000},
	Journal = {Talanta},
	Keywords = {GA, EPR, Application},
	Number = {5},
	Pages = {1784--1790},
	Publisher = {Elsevier},
	Title = {Use of genetic algorithms with multivariate regression for determination of gelatine in historic papers based on {FT-IR} and {NIR} spectral data},
	Volume = {82},
	Year = {2010}}

@article{Davidson:1999aa,
	Author = {Davidson, J and Savic, D and Walters, G},
	Date-Added = {2013-07-17 09:12:01 +0000},
	Date-Modified = {2013-11-13 11:40:00 +0000},
	Journal = {Journal of Hydroinformatics},
	Pages = {115--126},
	Title = {Method for the identification of explicit polynomial formulae for the friction in turbulent pipe flow.},
	Volume = {1},
	Year = {1999}}

@inproceedings{Mendes:2005aa,
	Author = {Mendes, L and Carvalho, P d},
	Booktitle = {Intelligent Signal Processing, 2005 IEEE International Workshop on},
	Date-Added = {2013-07-17 09:11:35 +0000},
	Date-Modified = {2013-11-20 15:18:07 +0000},
	Keywords = {EPR},
	Organization = {IEEE},
	Pages = {22--27},
	Title = {Adaptive polynomial regression for colorimetric scanner calibration using genetic algorithms},
	Year = {2005}}

@article{Maertens:2006aa,
	Author = {Maertens, Koen and De Baerdemaeker, Josse and Babu{\v{s}}ka, R},
	Date-Added = {2013-07-17 09:10:52 +0000},
	Date-Modified = {2013-11-13 11:40:00 +0000},
	Journal = {Soft Computing},
	Number = {9},
	Pages = {785--795},
	Publisher = {Springer},
	Title = {Genetic polynomial regression as input selection algorithm for non-linear identification},
	Volume = {10},
	Year = {2006}}

@article{Wu:2009aa,
	Author = {Wu, Chih-Hung and Tzeng, Gwo-Hshiung and Lin, Rong-Ho},
	Date-Added = {2013-07-17 09:10:29 +0000},
	Date-Modified = {2013-11-13 14:31:27 +0000},
	Journal = {Expert Systems with Applications},
	Keywords = {SVM, SVR, GA, Application},
	Number = {3},
	Pages = {4725--4735},
	Publisher = {Elsevier},
	Title = {A Novel hybrid genetic algorithm for kernel function and parameter optimization in support vector regression},
	Volume = {36},
	Year = {2009},
	Bdsk-File-1 = {YnBsaXN0MDDUAQIDBAUGJCVYJHZlcnNpb25YJG9iamVjdHNZJGFyY2hpdmVyVCR0b3ASAAGGoKgHCBMUFRYaIVUkbnVsbNMJCgsMDxJXTlMua2V5c1pOUy5vYmplY3RzViRjbGFzc6INDoACgAOiEBGABIAFgAdccmVsYXRpdmVQYXRoWWFsaWFzRGF0YV8QXS4uL3JlZnMvV3UgLSBBIE5vdmVsIGh5YnJpZCBHQSBmb3Iga2VybmVsIGZ1bmN0aW9uICYgcGFyYW1ldGVyIG9wdGltaXphdGlvbiBpbiBTVlIgKDIwMDkpLnBkZtIXCxgZV05TLmRhdGFPEQKiAAAAAAKiAAIAAAhDYWxsaW9wZQAAAAAAAAAAAAAAAAAAAAAAAADQ8xnTSCsAAAAR5g0fV3UgLSBBIE5vdmVsIGh5YnJpZCAjMTFFNjJELnBkZgAAAAAAAAAAAAAAAAAAAAAAAAAAAAAAAAAAAAAAAAAAABHmLc6r9MUAAAAAAAAAAAABAAIAAAkgAAAAAAAAAAAAAAAAAAAABHJlZnMAEAAIAADQ8xnTAAAAEQAIAADOq/TFAAAAAQAgABHmDQAR5X4AEd/CABHYPQAQ0hkAEM0KABACPQAP9yUAAgBiQ2FsbGlvcGU6VXNlcnM6AGZjOgBEb2N1bWVudHM6AHByb2c6AHNyYzoAR2VuQWxnUG9seToAdGV4dHM6AHJlZnM6AFd1IC0gQSBOb3ZlbCBoeWJyaWQgIzExRTYyRC5wZGYADgCsAFUAVwB1ACAALQAgAEEAIABOAG8AdgBlAGwAIABoAHkAYgByAGkAZAAgAEcAQQAgAGYAbwByACAAawBlAHIAbgBlAGwAIABmAHUAbgBjAHQAaQBvAG4AIAAmACAAcABhAHIAYQBtAGUAdABlAHIAIABvAHAAdABpAG0AaQB6AGEAdABpAG8AbgAgAGkAbgAgAFMAVgBSACAAKAAyADAAMAA5ACkALgBwAGQAZgAPABIACABDAGEAbABsAGkAbwBwAGUAEgCHVXNlcnMvZmMvRG9jdW1lbnRzL3Byb2cvc3JjL0dlbkFsZ1BvbHkvdGV4dHMvcmVmcy9XdSAtIEEgTm92ZWwgaHlicmlkIEdBIGZvciBrZXJuZWwgZnVuY3Rpb24gJiBwYXJhbWV0ZXIgb3B0aW1pemF0aW9uIGluIFNWUiAoMjAwOSkucGRmAAATAAEvAAAVAAIACf//AACABtIbHB0eWiRjbGFzc25hbWVYJGNsYXNzZXNdTlNNdXRhYmxlRGF0YaMdHyBWTlNEYXRhWE5TT2JqZWN00hscIiNcTlNEaWN0aW9uYXJ5oiIgXxAPTlNLZXllZEFyY2hpdmVy0SYnVHJvb3SAAQAIABEAGgAjAC0AMgA3AEAARgBNAFUAYABnAGoAbABuAHEAcwB1AHcAhACOAO4A8wD7A6EDowOoA7MDvAPKA84D1QPeA+MD8APzBAUECAQNAAAAAAAAAgEAAAAAAAAAKAAAAAAAAAAAAAAAAAAABA8=}}

@article{Cetisli:2011aa,
	Author = {Cetisli, B and Kalkan, H},
	Date-Added = {2013-07-17 09:10:04 +0000},
	Date-Modified = {2013-11-13 11:40:00 +0000},
	Journal = {Electronics and Electrical Engineering},
	Number = {6},
	Pages = {117--122},
	Title = {Polynomial curve fitting with varying real powers},
	Volume = {112},
	Year = {2011}}

@inproceedings{Yu:2008aa,
	Author = {Yu, Tian-Li and Lin, Wei-Kai},
	Booktitle = {Proceedings of the 10th annual conference on Genetic and evolutionary computation},
	Date-Added = {2013-07-17 09:09:40 +0000},
	Date-Modified = {2013-11-13 14:47:03 +0000},
	Keywords = {GA, EPR},
	Organization = {ACM},
	Pages = {1089--1096},
	Title = {Optimal sampling of genetic algorithms on polynomial regression},
	Year = {2008},
	Bdsk-File-1 = {YnBsaXN0MDDUAQIDBAUGJCVYJHZlcnNpb25YJG9iamVjdHNZJGFyY2hpdmVyVCR0b3ASAAGGoKgHCBMUFRYaIVUkbnVsbNMJCgsMDxJXTlMua2V5c1pOUy5vYmplY3RzViRjbGFzc6INDoACgAOiEBGABIAFgAdccmVsYXRpdmVQYXRoWWFsaWFzRGF0YV8QSy4uL3JlZnMvT3B0aW1hbCBTYW1wbGluZyBvZiBHZW5ldGljIEFsZ29yaXRobXMgb24gUG9seW5vbWlhbCBSZWdyZXNzaW9uLnBkZtIXCxgZV05TLmRhdGFPEQJsAAAAAAJsAAIAAAhDYWxsaW9wZQAAAAAAAAAAAAAAAAAAAAAAAADQ8xnTSCsAAAAR5g0fT3B0aW1hbCBTYW1wbGluZyBvZiAjMTFFNjIzLnBkZgAAAAAAAAAAAAAAAAAAAAAAAAAAAAAAAAAAAAAAAAAAABHmI83lvUgAAAAAAAAAAAABAAIAAAkgAAAAAAAAAAAAAAAAAAAABHJlZnMAEAAIAADQ8xnTAAAAEQAIAADN5a84AAAAAQAgABHmDQAR5X4AEd/CABHYPQAQ0hkAEM0KABACPQAP9yUAAgBiQ2FsbGlvcGU6VXNlcnM6AGZjOgBEb2N1bWVudHM6AHByb2c6AHNyYzoAR2VuQWxnUG9seToAdGV4dHM6AHJlZnM6AE9wdGltYWwgU2FtcGxpbmcgb2YgIzExRTYyMy5wZGYADgCIAEMATwBwAHQAaQBtAGEAbAAgAFMAYQBtAHAAbABpAG4AZwAgAG8AZgAgAEcAZQBuAGUAdABpAGMAIABBAGwAZwBvAHIAaQB0AGgAbQBzACAAbwBuACAAUABvAGwAeQBuAG8AbQBpAGEAbAAgAFIAZQBnAHIAZQBzAHMAaQBvAG4ALgBwAGQAZgAPABIACABDAGEAbABsAGkAbwBwAGUAEgB1VXNlcnMvZmMvRG9jdW1lbnRzL3Byb2cvc3JjL0dlbkFsZ1BvbHkvdGV4dHMvcmVmcy9PcHRpbWFsIFNhbXBsaW5nIG9mIEdlbmV0aWMgQWxnb3JpdGhtcyBvbiBQb2x5bm9taWFsIFJlZ3Jlc3Npb24ucGRmAAATAAEvAAAVAAIACf//AACABtIbHB0eWiRjbGFzc25hbWVYJGNsYXNzZXNdTlNNdXRhYmxlRGF0YaMdHyBWTlNEYXRhWE5TT2JqZWN00hscIiNcTlNEaWN0aW9uYXJ5oiIgXxAPTlNLZXllZEFyY2hpdmVy0SYnVHJvb3SAAQAIABEAGgAjAC0AMgA3AEAARgBNAFUAYABnAGoAbABuAHEAcwB1AHcAhACOANwA4QDpA1kDWwNgA2sDdAOCA4YDjQOWA5sDqAOrA70DwAPFAAAAAAAAAgEAAAAAAAAAKAAAAAAAAAAAAAAAAAAAA8c=}}

@inproceedings{Hofwing:2011aa,
	Author = {Hofwing, Magnus and Str{\"o}mberg, Niclas and Tapankov, Martin},
	Booktitle = {Proceedings of the Second International Conference on Soft ComputingTechnology in Civil, Structural and Environmental Engineering Conference,(Crete, Greece), 2011009},
	Date-Added = {2013-07-17 09:09:19 +0000},
	Date-Modified = {2013-11-20 15:23:35 +0000},
	Keywords = {EPR, GA},
	Title = {Optimal Polynomial Regression Models by using a Genetic Algorithm},
	Year = {2011}}

@inproceedings{Garg:2012aa,
	Author = {Garg, A and Tai, K},
	Booktitle = {Modelling, Identification \& Control (ICMIC), 2012 Proceedings of International Conference on},
	Date-Added = {2013-07-17 09:08:52 +0000},
	Date-Modified = {2013-11-20 15:19:24 +0000},
	Keywords = {Review, GA, ANN},
	Organization = {IEEE},
	Pages = {353--358},
	Title = {Comparison of regression analysis, artificial neural network and genetic programming in handling the multicollinearity problem},
	Year = {2012}}

@article{Zain:2011aa,
	Author = {Zain, Azlan Mohd and Haron, Habibollah and Sharif, Safian},
	Date-Added = {2013-07-17 09:07:55 +0000},
	Date-Modified = {2013-11-13 11:40:00 +0000},
	Journal = {Engineering with computers},
	Number = {3},
	Pages = {251--259},
	Publisher = {Springer},
	Title = {Genetic algorithm and simulated annealing to estimate optimal process parameters of the abrasive waterjet machining},
	Volume = {27},
	Year = {2011}}

@article{Rezania:2010aa,
	Author = {Rezania, Mohammad and Javadi, Akbar A and Giustolisi, Orazio},
	Date-Added = {2013-07-17 09:07:05 +0000},
	Date-Modified = {2013-11-20 15:22:11 +0000},
	Journal = {Computers and Geotechnics},
	Keywords = {EPR, Application},
	Number = {1},
	Pages = {82--92},
	Publisher = {Elsevier},
	Title = {Evaluation of liquefaction potential based on CPT results using evolutionary polynomial regression},
	Volume = {37},
	Year = {2010}}

@inproceedings{Ghai:2013ab,
	Author = {Ghai, Dhruva and Mohanty, Saraju P and Thakral, Garima},
	Booktitle = {ISQED},
	Date-Added = {2013-07-17 09:06:29 +0000},
	Date-Modified = {2013-11-20 15:22:34 +0000},
	Keywords = {Application, GA, EPR},
	Pages = {406--411},
	Title = {Fast analog design optimization using regression-based modeling and genetic algorithm: A nano-CMOS VCO case study.},
	Year = {2013}}

@article{R-Core-Team:2013aa,
	Address = {Vienna, Austria},
	Author = {{R Core Team}},
	Date-Modified = {2013-11-20 15:24:07 +0000},
	Keywords = {R, Application},
	Organization = {R Foundation for Statistical Computing},
	Title = {R: A Language and Environment for Statistical Computing},
	Url = {http://www.R-project.org/},
	Year = {2013},
	Bdsk-Url-1 = {http://www.R-project.org/}}

@article{Meyer:2012aa,
	Author = {Meyer, David and Dimitriadou, Evgenia and Hornik, Kurt and Weingessel, Andreas and Leisch, Friedrich},
	Date-Modified = {2013-11-20 15:22:00 +0000},
	Keywords = {Application, R},
	Note = {R package version 1.6-1},
	Title = {e1071: Misc Functions of the Department of Statistics (e1071), TU Wien},
	Url = {http://CRAN.R-project.org/package=e1071},
	Year = {2012},
	Bdsk-Url-1 = {http://CRAN.R-project.org/package=e1071}}

@article{Therneau:2013aa,
	Author = {Therneau, Terry and Atkinson, Beth and Ripley, Brian},
	Date-Modified = {2013-11-20 15:24:16 +0000},
	Keywords = {R, Application},
	Note = {R package version 4.1-1},
	Title = {rpart: Recursive Partitioning},
	Year = {2013}}

@article{Hothorn:2006aa,
	Author = {Hothorn, Torsten and Hornik, Kurt and Zeileis, Achim},
	Date-Modified = {2013-11-13 11:40:00 +0000},
	Journal = {Journal of Computational and Graphical Statistics},
	Number = {3},
	Pages = {651--674},
	Title = {Unbiased Recursive Partitioning: A Conditional Inference Framework},
	Volume = {15},
	Year = {2006}}

@article{Strobl:2007aa,
	Author = {Strobl, Carolin and Boulesteix, Anne-Laure and Zeileis, Achim and Hothorn, Torsten},
	Date-Modified = {2013-11-20 15:18:23 +0000},
	Journal = {BMC Bioinformatics},
	Keywords = {Random Forests},
	Number = {25},
	Title = {Bias in Random Forest Variable Importance Measures: Illustrations, Sources and a Solution},
	Url = {http://www.biomedcentral.com/1471-2105/8/25},
	Volume = {8},
	Year = {2007},
	Bdsk-Url-1 = {http://www.biomedcentral.com/1471-2105/8/25}}

@article{Strobl:2008aa,
	Author = {Strobl, Carolin and Boulesteix, Anne-Laure and Kneib, Thomas and Augustin, Thomas and Zeileis, Achim},
	Date-Modified = {2013-11-20 15:19:38 +0000},
	Journal = {BMC Bioinformatics},
	Keywords = {Random Forests},
	Number = {307},
	Title = {Conditional Variable Importance for Random Forests},
	Url = {http://www.biomedcentral.com/1471-2105/9/307},
	Volume = {9},
	Year = {2008},
	Bdsk-Url-1 = {http://www.biomedcentral.com/1471-2105/9/307}}
